
                    <marcx:collection>
                      <marcx:record format="danMARC2" type="Bibliographic">
                        <marcx:leader>00000n    2200000   4500</marcx:leader>
                        <marcx:datafield ind1="0" ind2="0" tag="001">
                          <marcx:subfield code="a">000189060</marcx:subfield>
                          <marcx:subfield code="b">820150</marcx:subfield>
                          <marcx:subfield code="f">a</marcx:subfield>
                        </marcx:datafield>
                        <marcx:datafield ind1="0" ind2="0" tag="002">
                          <marcx:subfield code="d">20000000047884</marcx:subfield>
                        </marcx:datafield>
                        <marcx:datafield ind1="0" ind2="0" tag="004">
                          <marcx:subfield code="r">n</marcx:subfield>
                          <marcx:subfield code="a">e</marcx:subfield>
                        </marcx:datafield>
                        <marcx:datafield ind1="0" ind2="0" tag="008">
                          <marcx:subfield code="t">p</marcx:subfield>
                          <marcx:subfield code="u">d</marcx:subfield>
                          <marcx:subfield code="a">1970</marcx:subfield>
                          <marcx:subfield code="z">1988</marcx:subfield>
                          <marcx:subfield code="b">dk</marcx:subfield>
                          <marcx:subfield code="l">dan</marcx:subfield>
                          <marcx:subfield code="d">y</marcx:subfield>
                          <marcx:subfield code="v">4</marcx:subfield>
                        </marcx:datafield>
                        <marcx:datafield ind1="0" ind2="0" tag="009">
                          <marcx:subfield code="a">a</marcx:subfield>
                          <marcx:subfield code="g">xx</marcx:subfield>
                        </marcx:datafield>
                        <marcx:datafield ind1="0" ind2="0" tag="096">
                          <marcx:subfield code="z">820150</marcx:subfield>
                        </marcx:datafield>
                        <marcx:datafield ind1="0" ind2="0" tag="097">
                          <marcx:subfield code="a">D 49366 ti</marcx:subfield>
                        </marcx:datafield>
                        <marcx:datafield ind1="0" ind2="0" tag="245">
                          <marcx:subfield code="a">Stof</marcx:subfield>
                          <marcx:subfield code="c">fra danske museer</marcx:subfield>
                        </marcx:datafield>
                        <marcx:datafield ind1="0" ind2="0" tag="260">
                          <marcx:subfield code="b">Dansk kulturhistorisk Museumsforening</marcx:subfield>
                          <marcx:subfield code="c">1970-1988</marcx:subfield>
                        </marcx:datafield>
                        <marcx:datafield ind1="0" ind2="0" tag="630">
                          <marcx:subfield code="a">tidsskrift</marcx:subfield>
                        </marcx:datafield>
                        <marcx:datafield ind1="0" ind2="0" tag="980">
                          <marcx:subfield code="y">820150</marcx:subfield>
                          <marcx:subfield code="d">1970-</marcx:subfield>
                          <marcx:subfield code="e">1988</marcx:subfield>
                        </marcx:datafield>
                      </marcx:record>
                    </marcx:collection>
                    <os:identifier>820150-katalog:000189060</os:identifier>
                    <os:creationDate>2007-10-18</os:creationDate>
                    <os:formatsAvailable>
                      <os:format>dkabm</os:format>
                      <os:format>marcxchange</os:format>
                    </os:formatsAvailable>
                  </os:object>
                </os:relationObject>
              </os:relation>
              <os:relation>
                <os:relationType>dbcbib:isPartOfManifestation</os:relationType>
                <os:relationUri>810015-katalog:002042544</os:relationUri>
                <os:relationObject>
                  <os:object>
                    <dkabm:record>
                      <ac:identifier>002042544|810015</ac:identifier>
                      <ac:source>Bibliotekskatalog</ac:source>
                      <dc:title>Ill</dc:title>
                      <dc:title xsi:type="dkdcplus:full">Ill : Cyclesport, 4. Aarg.</dc:title>
                      <dcterms:audience>voksenmaterialer</dcterms:audience>
                      <dc:date>1934</dc:date>
                      <dc:type xsi:type="dkdcplus:BibDK-Type">Bog</dc:type>
                      <dcterms:extent>1 bd.</dcterms:extent>
                      <dc:language xsi:type="dcterms:ISO639-2">und</dc:language>
                      <dc:language>Sproget kan ikke bestemmes</dc:language>
                    </dkabm:record>