
                    <marcx:collection>
                      <marcx:record format="danMARC2" type="Bibliographic">
                        <marcx:leader>00000n    2200000   4500</marcx:leader>
                        <marcx:datafield ind1="0" ind2="0" tag="001">
                          <marcx:subfield code="a">002042544</marcx:subfield>
                          <marcx:subfield code="b">810015</marcx:subfield>
                          <marcx:subfield code="f">a</marcx:subfield>
                        </marcx:datafield>
                        <marcx:datafield ind1="0" ind2="0" tag="002">
                          <marcx:subfield code="d">x531894710</marcx:subfield>
                        </marcx:datafield>
                        <marcx:datafield ind1="0" ind2="0" tag="004">
                          <marcx:subfield code="r">n</marcx:subfield>
                          <marcx:subfield code="a">e</marcx:subfield>
                        </marcx:datafield>
                        <marcx:datafield ind1="0" ind2="0" tag="008">
                          <marcx:subfield code="t">m</marcx:subfield>
                          <marcx:subfield code="a">1934</marcx:subfield>
                          <marcx:subfield code="b">xx</marcx:subfield>
                          <marcx:subfield code="l">und</marcx:subfield>
                          <marcx:subfield code="v">9</marcx:subfield>
                        </marcx:datafield>
                        <marcx:datafield ind1="0" ind2="0" tag="009">
                          <marcx:subfield code="a">a</marcx:subfield>
                          <marcx:subfield code="g">xx</marcx:subfield>
                        </marcx:datafield>
                        <marcx:datafield ind1="0" ind2="0" tag="088">
                          <marcx:subfield code="o">17,-386</marcx:subfield>
                        </marcx:datafield>
                        <marcx:datafield ind1="0" ind2="0" tag="096">
                          <marcx:subfield code="a">17,-386-4°</marcx:subfield>
                          <marcx:subfield code="u">Kan ikke hjemlånes</marcx:subfield>
                          <marcx:subfield code="r">a</marcx:subfield>
                          <marcx:subfield code="z">810015</marcx:subfield>
                        </marcx:datafield>
                        <marcx:datafield ind1="0" ind2="0" tag="245">
                          <marcx:subfield code="a">Ill</marcx:subfield>
                          <marcx:subfield code="C">Cyclesport, 4. Årg.</marcx:subfield>
                          <marcx:subfield code="c">Cyclesport, 4. Aarg.</marcx:subfield>
                        </marcx:datafield>
                        <marcx:datafield ind1="0" ind2="0" tag="260">
                          <marcx:subfield code="a">[S.l.]</marcx:subfield>
                          <marcx:subfield code="c">1934</marcx:subfield>
                        </marcx:datafield>
                        <marcx:datafield ind1="0" ind2="0" tag="300">
                          <marcx:subfield code="a">1 bd.</marcx:subfield>
                        </marcx:datafield>
                        <marcx:datafield ind1="0" ind2="0" tag="599">
                          <marcx:subfield code="c">SCK20001002</marcx:subfield>
                        </marcx:datafield>
                      </marcx:record>
                    </marcx:collection>
                    <os:identifier>810015-katalog:002042544</os:identifier>
                    <os:creationDate>2012-04-02</os:creationDate>
                    <os:formatsAvailable>
                      <os:format>dkabm</os:format>
                      <os:format>marcxchange</os:format>
                    </os:formatsAvailable>
                  </os:object>
                </os:relationObject>
              </os:relation>
              <os:relation>
                <os:relationType>dbcbib:isPartOfManifestation</os:relationType>
                <os:relationUri>870970-basis:50973611</os:relationUri>
                <os:relationObject>
                  <os:object>
                    <dkabm:record>
                      <ac:identifier>50973611|870970</ac:identifier>
                      <dc:identifier xsi:type="dkdcplus:ISBN">9788711384718</dc:identifier>
                      <ac:source>Bibliotekskatalog</ac:source>
                      <dc:source>Les couleurs</dc:source>
                      <dc:title>Farver</dc:title>
                      <dc:title xsi:type="dkdcplus:full">Farver</dc:title>
                      <dc:creator xsi:type="dkdcplus:aut">Xavier Deneux</dc:creator>
                      <dc:creator xsi:type="oss:sort">Deneux, Xavier</dc:creator>
                      <dc:subject xsi:type="dkdcplus:DK5-Text">Skønlitteratur</dc:subject>
                      <dc:subject xsi:type="dkdcplus:DBCS">farver</dc:subject>
                      <dc:subject xsi:type="dkdcplus:DBCN">for 0 år</dc:subject>
                      <dc:subject xsi:type="dkdcplus:DBCN">for 1 år</dc:subject>
                      <dc:subject xsi:type="dkdcplus:DBCN">for 2 år</dc:subject>
                      <dc:subject xsi:type="dkdcplus:DBCN">for 3 år</dc:subject>
                      <dc:subject xsi:type="dkdcplus:DBCN">for 4 år</dc:subject>
                      <dc:subject xsi:type="dkdcplus:DBCO">pegebøger</dc:subject>
                      <dc:subject xsi:type="dkdcplus:DK5">sk</dc:subject>
                      <dcterms:abstract>Pegebog med enkle motiver i forskellige farver. Fx et grønt blad, et rødt æble og en lilla blomst</dcterms:abstract>
                      <dcterms:audience>børnematerialer</dcterms:audience>
                      <dkdcplus:version>1. udgave</dkdcplus:version>
                      <dc:publisher>Carlsen</dc:publisher>
                      <dc:contributor xsi:type="dkdcplus:ill">Xavier Deneux</dc:contributor>
                      <dc:date>2014</dc:date>
                      <dc:type xsi:type="dkdcplus:BibDK-Type">Billedbog</dc:type>
                      <dc:format>alle illustreret i farver</dc:format>
                      <dcterms:extent>18 sider</dcterms:extent>
                      <dc:language xsi:type="dcterms:ISO639-2">dan</dc:language>
                      <dc:language>Dansk</dc:language>
                    </dkabm:record>