
                    <marcx:collection>
                      <marcx:record format="danMARC2" type="Bibliographic">
                        <marcx:leader>00000n    2200000   4500</marcx:leader>
                        <marcx:datafield ind1="0" ind2="0" tag="001">
                          <marcx:subfield code="a">50973611</marcx:subfield>
                          <marcx:subfield code="b">870970</marcx:subfield>
                          <marcx:subfield code="c">20140515143120</marcx:subfield>
                          <marcx:subfield code="d">20140220</marcx:subfield>
                          <marcx:subfield code="f">a</marcx:subfield>
                        </marcx:datafield>
                        <marcx:datafield ind1="0" ind2="0" tag="004">
                          <marcx:subfield code="r">n</marcx:subfield>
                          <marcx:subfield code="a">e</marcx:subfield>
                        </marcx:datafield>
                        <marcx:datafield ind1="0" ind2="0" tag="008">
                          <marcx:subfield code="t">m</marcx:subfield>
                          <marcx:subfield code="u">f</marcx:subfield>
                          <marcx:subfield code="a">2014</marcx:subfield>
                          <marcx:subfield code="b">dk</marcx:subfield>
                          <marcx:subfield code="d">2</marcx:subfield>
                          <marcx:subfield code="d">å</marcx:subfield>
                          <marcx:subfield code="d">x</marcx:subfield>
                          <marcx:subfield code="l">dan</marcx:subfield>
                          <marcx:subfield code="o">b</marcx:subfield>
                          <marcx:subfield code="v">0</marcx:subfield>
                        </marcx:datafield>
                        <marcx:datafield ind1="0" ind2="0" tag="009">
                          <marcx:subfield code="a">a</marcx:subfield>
                          <marcx:subfield code="g">xx</marcx:subfield>
                        </marcx:datafield>
                        <marcx:datafield ind1="0" ind2="0" tag="021">
                          <marcx:subfield code="e">9788711384718</marcx:subfield>
                          <marcx:subfield code="c">ib.</marcx:subfield>
                        </marcx:datafield>
                        <marcx:datafield ind1="0" ind2="0" tag="032">
                          <marcx:subfield code="a">DBF201414</marcx:subfield>
                          <marcx:subfield code="x">BKM201414</marcx:subfield>
                          <marcx:subfield code="x">ACC201408</marcx:subfield>
                        </marcx:datafield>
                        <marcx:datafield ind1="0" ind2="0" tag="038">
                          <marcx:subfield code="a">bi</marcx:subfield>
                        </marcx:datafield>
                        <marcx:datafield ind1="0" ind2="0" tag="041">
                          <marcx:subfield code="a">dan</marcx:subfield>
                          <marcx:subfield code="c">fre</marcx:subfield>
                        </marcx:datafield>
                        <marcx:datafield ind1="0" ind2="0" tag="100">
                          <marcx:subfield code="5">870979</marcx:subfield>
                          <marcx:subfield code="6">69225284</marcx:subfield>
                          <marcx:subfield code="4">aut</marcx:subfield>
                          <marcx:subfield code="4">ill</marcx:subfield>
                          <marcx:subfield code="0"/>
                          <marcx:subfield code="a">Deneux</marcx:subfield>
                          <marcx:subfield code="h">Xavier</marcx:subfield>
                        </marcx:datafield>
                        <marcx:datafield ind1="0" ind2="0" tag="241">
                          <marcx:subfield code="a">Les ¤couleurs</marcx:subfield>
                        </marcx:datafield>
                        <marcx:datafield ind1="0" ind2="0" tag="245">
                          <marcx:subfield code="a">Farver</marcx:subfield>
                        </marcx:datafield>
                        <marcx:datafield ind1="0" ind2="0" tag="250">
                          <marcx:subfield code="a">1. udgave</marcx:subfield>
                          <marcx:subfield code="b">÷</marcx:subfield>
                        </marcx:datafield>
                        <marcx:datafield ind1="0" ind2="0" tag="260">
                          <marcx:subfield code="&amp;">1</marcx:subfield>
                          <marcx:subfield code="a">Kbh.</marcx:subfield>
                          <marcx:subfield code="b">Carlsen</marcx:subfield>
                          <marcx:subfield code="c">2014</marcx:subfield>
                        </marcx:datafield>
                        <marcx:datafield ind1="0" ind2="0" tag="300">
                          <marcx:subfield code="a">[18] sider</marcx:subfield>
                          <marcx:subfield code="b">alle ill. i farver</marcx:subfield>
                        </marcx:datafield>
                        <marcx:datafield ind1="0" ind2="0" tag="504">
                          <marcx:subfield code="&amp;">1</marcx:subfield>
                          <marcx:subfield code="a">Pegebog med enkle motiver i forskellige farver. Fx et grønt blad, et rødt æble og en lilla blomst</marcx:subfield>
                        </marcx:datafield>
                        <marcx:datafield ind1="0" ind2="0" tag="521">
                          <marcx:subfield code="b">1. oplag</marcx:subfield>
                          <marcx:subfield code="c">2014</marcx:subfield>
                          <marcx:subfield code="k">tr. i udl.</marcx:subfield>
                        </marcx:datafield>
                        <marcx:datafield ind1="0" ind2="0" tag="652">
                          <marcx:subfield code="n">82</marcx:subfield>
                          <marcx:subfield code="z">296</marcx:subfield>
                        </marcx:datafield>
                        <marcx:datafield ind1="0" ind2="0" tag="652">
                          <marcx:subfield code="o">sk</marcx:subfield>
                        </marcx:datafield>
                        <marcx:datafield ind1="0" ind2="0" tag="666">
                          <marcx:subfield code="0"/>
                          <marcx:subfield code="o">pegebøger</marcx:subfield>
                        </marcx:datafield>
                        <marcx:datafield ind1="0" ind2="0" tag="666">
                          <marcx:subfield code="0"/>
                          <marcx:subfield code="s">farver</marcx:subfield>
                        </marcx:datafield>
                        <marcx:datafield ind1="0" ind2="0" tag="666">
                          <marcx:subfield code="0"/>
                          <marcx:subfield code="u">for 0 år</marcx:subfield>
                        </marcx:datafield>
                        <marcx:datafield ind1="0" ind2="0" tag="666">
                          <marcx:subfield code="0"/>
                          <marcx:subfield code="u">for 1 år</marcx:subfield>
                        </marcx:datafield>
                        <marcx:datafield ind1="0" ind2="0" tag="666">
                          <marcx:subfield code="0"/>
                          <marcx:subfield code="u">for 2 år</marcx:subfield>
                        </marcx:datafield>
                        <marcx:datafield ind1="0" ind2="0" tag="666">
                          <marcx:subfield code="0"/>
                          <marcx:subfield code="u">for 3 år</marcx:subfield>
                        </marcx:datafield>
                        <marcx:datafield ind1="0" ind2="0" tag="666">
                          <marcx:subfield code="0"/>
                          <marcx:subfield code="u">for 4 år</marcx:subfield>
                        </marcx:datafield>
                        <marcx:datafield ind1="0" ind2="0" tag="990">
                          <marcx:subfield code="o">201414</marcx:subfield>
                          <marcx:subfield code="b">l</marcx:subfield>
                          <marcx:subfield code="b">b</marcx:subfield>
                          <marcx:subfield code="u">nt</marcx:subfield>
                        </marcx:datafield>
                        <marcx:datafield ind1="0" ind2="0" tag="996">
                          <marcx:subfield code="a">DBC</marcx:subfield>
                        </marcx:datafield>
                      </marcx:record>
                    </marcx:collection>
                    <os:identifier>870970-basis:50973611</os:identifier>
                    <os:creationDate>2014-02-20</os:creationDate>
                    <os:formatsAvailable>
                      <os:format>dkabm</os:format>
                      <os:format>marcxchange</os:format>
                    </os:formatsAvailable>
                  </os:object>
                </os:relationObject>
              </os:relation>
              <os:relation>
                <os:relationType>dbcbib:isPartOfManifestation</os:relationType>
                <os:relationUri>870970-basis:51086848</os:relationUri>
                <os:relationObject>
                  <os:object>
                    <dkabm:record>
                      <ac:identifier>51086848|870970</ac:identifier>
                      <dc:identifier xsi:type="dkdcplus:ISBN">9788711346648</dc:identifier>
                      <ac:source>Bibliotekskatalog</ac:source>
                      <dc:source>Colours</dc:source>
                      <dc:title>Farver</dc:title>
                      <dc:title xsi:type="dkdcplus:full">Farver</dc:title>
                      <dc:title xsi:type="dkdcplus:series">Min lille bog med hank</dc:title>
                      <dc:creator xsi:type="dkdcplus:aut">Dawn Sirett</dc:creator>
                      <dc:creator xsi:type="oss:sort">Sirett, Dawn</dc:creator>
                      <dc:subject xsi:type="dkdcplus:DK5-Text">Skønlitteratur</dc:subject>
                      <dc:subject xsi:type="dkdcplus:DBCS">begrebsindlæring</dc:subject>
                      <dc:subject xsi:type="dkdcplus:DBCS">farver</dc:subject>
                      <dc:subject xsi:type="dkdcplus:DBCN">for 1 år</dc:subject>
                      <dc:subject xsi:type="dkdcplus:DBCN">for 2 år</dc:subject>
                      <dc:subject xsi:type="dkdcplus:DBCN">for 3 år</dc:subject>
                      <dc:subject xsi:type="dkdcplus:DBCO">pegebøger</dc:subject>
                      <dc:subject xsi:type="dkdcplus:DK5">sk</dc:subject>
                      <dcterms:abstract>Pegebog med papsider og en hank, så man kan tage bogen med rundt. Inde i bogen støder man på blandt andet en brandbil, badeand og en fugl som hver især repræsenterer en bestemt farve</dcterms:abstract>
                      <dcterms:audience>børnematerialer</dcterms:audience>
                      <dc:publisher>Carlsen</dc:publisher>
                      <dc:contributor xsi:type="dkdcplus:trl">Tine Schouboe</dc:contributor>
                      <dc:contributor xsi:type="dkdcplus:dkdes">Victoria Harvey</dc:contributor>
                      <dc:date>2014</dc:date>
                      <dc:type xsi:type="dkdcplus:BibDK-Type">Billedbog</dc:type>
                      <dc:format>alle illustreret i farver</dc:format>
                      <dcterms:extent>14 sider</dcterms:extent>
                      <dc:language xsi:type="dcterms:ISO639-2">dan</dc:language>
                      <dc:language>Dansk</dc:language>
                    </dkabm:record>