
                    <marcx:collection>
                      <marcx:record format="danMARC2" type="Bibliographic">
                        <marcx:leader>00000n    2200000   4500</marcx:leader>
                        <marcx:datafield ind1="0" ind2="0" tag="001">
                          <marcx:subfield code="a">51086848</marcx:subfield>
                          <marcx:subfield code="b">870970</marcx:subfield>
                          <marcx:subfield code="c">20140619082730</marcx:subfield>
                          <marcx:subfield code="d">20140502</marcx:subfield>
                          <marcx:subfield code="f">a</marcx:subfield>
                        </marcx:datafield>
                        <marcx:datafield ind1="0" ind2="0" tag="004">
                          <marcx:subfield code="r">n</marcx:subfield>
                          <marcx:subfield code="a">e</marcx:subfield>
                        </marcx:datafield>
                        <marcx:datafield ind1="0" ind2="0" tag="008">
                          <marcx:subfield code="t">m</marcx:subfield>
                          <marcx:subfield code="u">f</marcx:subfield>
                          <marcx:subfield code="a">2014</marcx:subfield>
                          <marcx:subfield code="b">dk</marcx:subfield>
                          <marcx:subfield code="d">å</marcx:subfield>
                          <marcx:subfield code="d">2</marcx:subfield>
                          <marcx:subfield code="d">x</marcx:subfield>
                          <marcx:subfield code="l">dan</marcx:subfield>
                          <marcx:subfield code="o">b</marcx:subfield>
                          <marcx:subfield code="v">0</marcx:subfield>
                        </marcx:datafield>
                        <marcx:datafield ind1="0" ind2="0" tag="009">
                          <marcx:subfield code="a">a</marcx:subfield>
                          <marcx:subfield code="g">xx</marcx:subfield>
                        </marcx:datafield>
                        <marcx:datafield ind1="0" ind2="0" tag="021">
                          <marcx:subfield code="e">9788711346648</marcx:subfield>
                          <marcx:subfield code="c">hf.</marcx:subfield>
                        </marcx:datafield>
                        <marcx:datafield ind1="0" ind2="0" tag="032">
                          <marcx:subfield code="x">ACC201418</marcx:subfield>
                          <marcx:subfield code="a">DBF201424</marcx:subfield>
                          <marcx:subfield code="x">BKM201424</marcx:subfield>
                        </marcx:datafield>
                        <marcx:datafield ind1="0" ind2="0" tag="038">
                          <marcx:subfield code="a">bi</marcx:subfield>
                        </marcx:datafield>
                        <marcx:datafield ind1="0" ind2="0" tag="041">
                          <marcx:subfield code="a">dan</marcx:subfield>
                          <marcx:subfield code="c">eng</marcx:subfield>
                        </marcx:datafield>
                        <marcx:datafield ind1="0" ind2="0" tag="100">
                          <marcx:subfield code="5">870979</marcx:subfield>
                          <marcx:subfield code="6">68937671</marcx:subfield>
                          <marcx:subfield code="4">aut</marcx:subfield>
                          <marcx:subfield code="0"/>
                          <marcx:subfield code="a">Sirett</marcx:subfield>
                          <marcx:subfield code="h">Dawn</marcx:subfield>
                        </marcx:datafield>
                        <marcx:datafield ind1="0" ind2="0" tag="241">
                          <marcx:subfield code="a">Colours</marcx:subfield>
                        </marcx:datafield>
                        <marcx:datafield ind1="0" ind2="0" tag="245">
                          <marcx:subfield code="a">Farver</marcx:subfield>
                        </marcx:datafield>
                        <marcx:datafield ind1="0" ind2="0" tag="260">
                          <marcx:subfield code="&amp;">1</marcx:subfield>
                          <marcx:subfield code="a">Kbh.</marcx:subfield>
                          <marcx:subfield code="b">Carlsen</marcx:subfield>
                          <marcx:subfield code="c">2014</marcx:subfield>
                        </marcx:datafield>
                        <marcx:datafield ind1="0" ind2="0" tag="300">
                          <marcx:subfield code="a">[14] sider</marcx:subfield>
                          <marcx:subfield code="b">alle ill. i farver</marcx:subfield>
                        </marcx:datafield>
                        <marcx:datafield ind1="0" ind2="0" tag="440">
                          <marcx:subfield code="0"/>
                          <marcx:subfield code="a">Min lille bog med hank</marcx:subfield>
                        </marcx:datafield>
                        <marcx:datafield ind1="0" ind2="0" tag="504">
                          <marcx:subfield code="&amp;">1</marcx:subfield>
                          <marcx:subfield code="a">Pegebog med papsider og en hank, så man kan tage bogen med rundt. Inde i bogen støder man på blandt andet en brandbil, badeand og en fugl som hver især repræsenterer en bestemt farve</marcx:subfield>
                        </marcx:datafield>
                        <marcx:datafield ind1="0" ind2="0" tag="521">
                          <marcx:subfield code="b">1. oplag</marcx:subfield>
                          <marcx:subfield code="c">2014</marcx:subfield>
                          <marcx:subfield code="k">tr. i udl.</marcx:subfield>
                        </marcx:datafield>
                        <marcx:datafield ind1="0" ind2="0" tag="652">
                          <marcx:subfield code="n">83</marcx:subfield>
                          <marcx:subfield code="z">296</marcx:subfield>
                        </marcx:datafield>
                        <marcx:datafield ind1="0" ind2="0" tag="652">
                          <marcx:subfield code="o">sk</marcx:subfield>
                        </marcx:datafield>
                        <marcx:datafield ind1="0" ind2="0" tag="666">
                          <marcx:subfield code="0"/>
                          <marcx:subfield code="o">pegebøger</marcx:subfield>
                        </marcx:datafield>
                        <marcx:datafield ind1="0" ind2="0" tag="666">
                          <marcx:subfield code="0"/>
                          <marcx:subfield code="s">farver</marcx:subfield>
                        </marcx:datafield>
                        <marcx:datafield ind1="0" ind2="0" tag="666">
                          <marcx:subfield code="0"/>
                          <marcx:subfield code="s">begrebsindlæring</marcx:subfield>
                        </marcx:datafield>
                        <marcx:datafield ind1="0" ind2="0" tag="666">
                          <marcx:subfield code="0"/>
                          <marcx:subfield code="u">for 1 år</marcx:subfield>
                        </marcx:datafield>
                        <marcx:datafield ind1="0" ind2="0" tag="666">
                          <marcx:subfield code="0"/>
                          <marcx:subfield code="u">for 2 år</marcx:subfield>
                        </marcx:datafield>
                        <marcx:datafield ind1="0" ind2="0" tag="666">
                          <marcx:subfield code="0"/>
                          <marcx:subfield code="u">for 3 år</marcx:subfield>
                        </marcx:datafield>
                        <marcx:datafield ind1="0" ind2="0" tag="720">
                          <marcx:subfield code="o">Tine Schouboe</marcx:subfield>
                          <marcx:subfield code="4">trl</marcx:subfield>
                        </marcx:datafield>
                        <marcx:datafield ind1="0" ind2="0" tag="720">
                          <marcx:subfield code="o">Victoria Harvey</marcx:subfield>
                          <marcx:subfield code="4">dkdes</marcx:subfield>
                        </marcx:datafield>
                        <marcx:datafield ind1="0" ind2="0" tag="990">
                          <marcx:subfield code="o">201424</marcx:subfield>
                          <marcx:subfield code="b">l</marcx:subfield>
                          <marcx:subfield code="b">b</marcx:subfield>
                          <marcx:subfield code="u">nt</marcx:subfield>
                        </marcx:datafield>
                        <marcx:datafield ind1="0" ind2="0" tag="996">
                          <marcx:subfield code="a">DBC</marcx:subfield>
                        </marcx:datafield>
                      </marcx:record>
                    </marcx:collection>
                    <os:identifier>870970-basis:51086848</os:identifier>
                    <os:creationDate>2014-05-02</os:creationDate>
                    <os:formatsAvailable>
                      <os:format>dkabm</os:format>
                      <os:format>marcxchange</os:format>
                    </os:formatsAvailable>
                  </os:object>
                </os:relationObject>
              </os:relation>
              <os:relation>
                <os:relationType>dbcbib:isPartOfManifestation</os:relationType>
                <os:relationUri>860980-katalog:23205211</os:relationUri>
                <os:relationObject>
                  <os:object>
                    <dkabm:record>
                      <ac:identifier>23205211|860980</ac:identifier>
                      <dc:identifier xsi:type="dkdcplus:ISBN">87-12-02243-8</dc:identifier>
                      <ac:source>Bibliotekskatalog</ac:source>
                      <dc:title>SAK</dc:title>
                      <dc:title xsi:type="dkdcplus:full">SAK : Søren Aabye Kierkegaard : en biografi</dc:title>
                      <dc:title xsi:type="dkdcplus:series">Gads biografiserie</dc:title>
                      <dc:creator xsi:type="dkdcplus:aut">Joakim Garff</dc:creator>
                      <dc:creator xsi:type="oss:sort">Garff, Joakim</dc:creator>
                      <dc:subject xsi:type="dkdcplus:DK5">99.4 Kierkegaard, Søren</dc:subject>
                      <dc:subject xsi:type="dkdcplus:DK5-Text">Biografier af enkelte personer</dc:subject>
                      <dc:subject xsi:type="dkdcplus:DBCF">Søren Kierkegaard</dc:subject>
                      <dc:subject xsi:type="oss:sort">Kierkegaard, Søren</dc:subject>
                      <dc:subject xsi:type="dkdcplus:DBCO">biografier</dc:subject>
                      <dc:subject xsi:type="dkdcplus:DBCF">filosoffer</dc:subject>
                      <dc:subject xsi:type="dkdcplus:DBCF">filosofi</dc:subject>
                      <dcterms:abstract>En kompleks biografi om filosoffen, forfatteren og privatpersonen Søren Kierkegaards (1813-1855) liv og forfatterskab med en sanset og indlevet skildring af hans samtid og tankeverden</dcterms:abstract>
                      <dcterms:audience>voksenmaterialer</dcterms:audience>
                      <dkdcplus:version>1. udgave, 5. oplag</dkdcplus:version>
                      <dc:publisher>Gad</dc:publisher>
                      <dc:date>2000</dc:date>
                      <dc:type xsi:type="dkdcplus:BibDK-Type">Bog</dc:type>
                      <dcterms:extent>xvi, 738 sider, tavler</dcterms:extent>
                      <dc:language xsi:type="dcterms:ISO639-2">dan</dc:language>
                      <dc:language>Dansk</dc:language>
                      <dcterms:spatial xsi:type="dkdcplus:DBCF">Danmark</dcterms:spatial>
                      <dcterms:temporal xsi:type="dkdcplus:DBCP">1800-1899</dcterms:temporal>
                    </dkabm:record>