
                    <marcx:collection>
                      <marcx:record format="danMARC2" type="Bibliographic">
                        <marcx:leader>00000n    2200000   4500</marcx:leader>
                        <marcx:datafield ind1="0" ind2="0" tag="001">
                          <marcx:subfield code="a">23205211</marcx:subfield>
                          <marcx:subfield code="b">860980</marcx:subfield>
                          <marcx:subfield code="f">a</marcx:subfield>
                        </marcx:datafield>
                        <marcx:datafield ind1="0" ind2="0" tag="004">
                          <marcx:subfield code="r">c</marcx:subfield>
                          <marcx:subfield code="a">e</marcx:subfield>
                        </marcx:datafield>
                        <marcx:datafield ind1="0" ind2="0" tag="008">
                          <marcx:subfield code="t">m</marcx:subfield>
                          <marcx:subfield code="u">r</marcx:subfield>
                          <marcx:subfield code="a">2000</marcx:subfield>
                          <marcx:subfield code="z">2001</marcx:subfield>
                          <marcx:subfield code="b">dk</marcx:subfield>
                          <marcx:subfield code="k">b</marcx:subfield>
                          <marcx:subfield code="l">dan</marcx:subfield>
                          <marcx:subfield code="x">06</marcx:subfield>
                          <marcx:subfield code="v">0</marcx:subfield>
                        </marcx:datafield>
                        <marcx:datafield ind1="0" ind2="0" tag="009">
                          <marcx:subfield code="a">a</marcx:subfield>
                          <marcx:subfield code="g">xx</marcx:subfield>
                        </marcx:datafield>
                        <marcx:datafield ind1="0" ind2="0" tag="021">
                          <marcx:subfield code="a">87-12-02243-8</marcx:subfield>
                          <marcx:subfield code="c">ib.</marcx:subfield>
                          <marcx:subfield code="d">kr. 399,00</marcx:subfield>
                        </marcx:datafield>
                        <marcx:datafield ind1="0" ind2="0" tag="096">
                          <marcx:subfield code="a">99.4 Kierkegaard, Søren</marcx:subfield>
                          <marcx:subfield code="z">860980</marcx:subfield>
                        </marcx:datafield>
                        <marcx:datafield ind1="0" ind2="0" tag="100">
                          <marcx:subfield code="a">Garff</marcx:subfield>
                          <marcx:subfield code="h">Joakim</marcx:subfield>
                        </marcx:datafield>
                        <marcx:datafield ind1="0" ind2="0" tag="245">
                          <marcx:subfield code="a">SAK</marcx:subfield>
                          <marcx:subfield code="c">Søren Aabye Kierkegaard</marcx:subfield>
                          <marcx:subfield code="c">en biografi</marcx:subfield>
                          <marcx:subfield code="e">Joakim Garff</marcx:subfield>
                        </marcx:datafield>
                        <marcx:datafield ind1="0" ind2="0" tag="250">
                          <marcx:subfield code="a">1. udgave</marcx:subfield>
                          <marcx:subfield code="b">÷</marcx:subfield>
                          <marcx:subfield code="x">5. oplag</marcx:subfield>
                        </marcx:datafield>
                        <marcx:datafield ind1="0" ind2="0" tag="260">
                          <marcx:subfield code="a">Kbh.</marcx:subfield>
                          <marcx:subfield code="b">Gad</marcx:subfield>
                          <marcx:subfield code="c">2001</marcx:subfield>
                          <marcx:subfield code="k">Narayana Press, Gylling</marcx:subfield>
                        </marcx:datafield>
                        <marcx:datafield ind1="0" ind2="0" tag="300">
                          <marcx:subfield code="a">xvi, 738 sider, tavler</marcx:subfield>
                        </marcx:datafield>
                        <marcx:datafield ind1="0" ind2="0" tag="440">
                          <marcx:subfield code="0"/>
                          <marcx:subfield code="a">Gads biografiserie</marcx:subfield>
                        </marcx:datafield>
                        <marcx:datafield ind1="0" ind2="0" tag="504">
                          <marcx:subfield code="a">En kompleks biografi om filosoffen, forfatteren og privatpersonen Søren Kierkegaards (1813-1855) liv og forfatterskab med en sanset og indlevet skildring af hans samtid og tankeverden</marcx:subfield>
                        </marcx:datafield>
                        <marcx:datafield ind1="0" ind2="0" tag="520">
                          <marcx:subfield code="a">Tidligere: 1. udgave. 2000</marcx:subfield>
                        </marcx:datafield>
                        <marcx:datafield ind1="0" ind2="0" tag="521">
                          <marcx:subfield code="a">[1. oplag]</marcx:subfield>
                          <marcx:subfield code="c">2000</marcx:subfield>
                        </marcx:datafield>
                        <marcx:datafield ind1="0" ind2="0" tag="521">
                          <marcx:subfield code="a">2. oplag</marcx:subfield>
                          <marcx:subfield code="c">2000</marcx:subfield>
                        </marcx:datafield>
                        <marcx:datafield ind1="0" ind2="0" tag="521">
                          <marcx:subfield code="a">3. oplag</marcx:subfield>
                          <marcx:subfield code="c">2000</marcx:subfield>
                        </marcx:datafield>
                        <marcx:datafield ind1="0" ind2="0" tag="521">
                          <marcx:subfield code="a">4. oplag</marcx:subfield>
                          <marcx:subfield code="c">2000</marcx:subfield>
                        </marcx:datafield>
                        <marcx:datafield ind1="0" ind2="0" tag="521">
                          <marcx:subfield code="b">5. oplag</marcx:subfield>
                          <marcx:subfield code="c">2001</marcx:subfield>
                        </marcx:datafield>
                        <marcx:datafield ind1="0" ind2="0" tag="532">
                          <marcx:subfield code="a">Med litteraturhenvisninger</marcx:subfield>
                        </marcx:datafield>
                        <marcx:datafield ind1="0" ind2="0" tag="600">
                          <marcx:subfield code="a">Kierkegaard</marcx:subfield>
                          <marcx:subfield code="h">Søren</marcx:subfield>
                          <marcx:subfield code="2">DBC</marcx:subfield>
                        </marcx:datafield>
                        <marcx:datafield ind1="0" ind2="0" tag="652">
                          <marcx:subfield code="m">99.4</marcx:subfield>
                          <marcx:subfield code="a">Kierkegaard</marcx:subfield>
                          <marcx:subfield code="h">Søren</marcx:subfield>
                        </marcx:datafield>
                        <marcx:datafield ind1="0" ind2="0" tag="666">
                          <marcx:subfield code="0"/>
                          <marcx:subfield code="f">filosoffer</marcx:subfield>
                        </marcx:datafield>
                        <marcx:datafield ind1="0" ind2="0" tag="666">
                          <marcx:subfield code="0"/>
                          <marcx:subfield code="f">filosofi</marcx:subfield>
                        </marcx:datafield>
                        <marcx:datafield ind1="0" ind2="0" tag="666">
                          <marcx:subfield code="0"/>
                          <marcx:subfield code="i">1800-1899</marcx:subfield>
                        </marcx:datafield>
                        <marcx:datafield ind1="0" ind2="0" tag="666">
                          <marcx:subfield code="0"/>
                          <marcx:subfield code="e">Danmark</marcx:subfield>
                        </marcx:datafield>
                        <marcx:datafield ind1="0" ind2="0" tag="666">
                          <marcx:subfield code="0"/>
                          <marcx:subfield code="o">biografier</marcx:subfield>
                        </marcx:datafield>
                      </marcx:record>
                    </marcx:collection>
                    <os:identifier>860980-katalog:23205211</os:identifier>
                    <os:creationDate>2014-07-07</os:creationDate>
                    <os:formatsAvailable>
                      <os:format>dkabm</os:format>
                      <os:format>marcxchange</os:format>
                    </os:formatsAvailable>
                  </os:object>
                </os:relationObject>
              </os:relation>
              <os:relation>
                <os:relationType>dbcbib:isPartOfManifestation</os:relationType>
                <os:relationUri>830060-katalog:49218435</os:relationUri>
                <os:relationObject>
                  <os:object>
                    <dkabm:record>
                      <ac:identifier>49218435|830060</ac:identifier>
                      <dc:identifier xsi:type="dkdcplus:ISSN">1397-338X</dc:identifier>
                      <ac:source>Bibliotekskatalog</ac:source>
                      <dc:title>Stof</dc:title>
                      <dc:title xsi:type="dkdcplus:full">Stof : tidsskrift for stofmisbrugsområdet</dc:title>
                      <dc:subject xsi:type="dkdcplus:DK5">66.88</dc:subject>
                      <dc:subject xsi:type="dkdcplus:DK5-Text">Nydelsesmidler. Stimulanser</dc:subject>
                      <dc:description>Intet udkommet i 2002</dc:description>
                      <dcterms:audience>voksenmaterialer</dcterms:audience>
                      <dc:publisher>CRF København</dc:publisher>
                      <dc:contributor>Aarhus Universitet Center for Rusmiddelforskning</dc:contributor>
                      <dc:date>1997</dc:date>
                      <dc:type xsi:type="dkdcplus:BibDK-Type">Tidsskrift</dc:type>
                      <dc:format>Ill.</dc:format>
                      <dc:language xsi:type="dcterms:ISO639-2">dan</dc:language>
                      <dc:language>Dansk</dc:language>
                    </dkabm:record>