
                    <marcx:collection>
                      <marcx:record format="danMARC2" type="Bibliographic">
                        <marcx:leader>00000c    2200000   4500</marcx:leader>
                        <marcx:datafield ind1="0" ind2="0" tag="001">
                          <marcx:subfield code="a">49218435</marcx:subfield>
                          <marcx:subfield code="b">830060</marcx:subfield>
                          <marcx:subfield code="f">a</marcx:subfield>
                        </marcx:datafield>
                        <marcx:datafield ind1="0" ind2="0" tag="004">
                          <marcx:subfield code="r">c</marcx:subfield>
                          <marcx:subfield code="a">e</marcx:subfield>
                        </marcx:datafield>
                        <marcx:datafield ind1="0" ind2="0" tag="008">
                          <marcx:subfield code="t">p</marcx:subfield>
                          <marcx:subfield code="u">c</marcx:subfield>
                          <marcx:subfield code="a">1997</marcx:subfield>
                          <marcx:subfield code="b">dk</marcx:subfield>
                          <marcx:subfield code="c">t</marcx:subfield>
                          <marcx:subfield code="h">p</marcx:subfield>
                          <marcx:subfield code="i">b</marcx:subfield>
                          <marcx:subfield code="l">dan</marcx:subfield>
                          <marcx:subfield code="v">0</marcx:subfield>
                        </marcx:datafield>
                        <marcx:datafield ind1="0" ind2="0" tag="009">
                          <marcx:subfield code="a">a</marcx:subfield>
                          <marcx:subfield code="g">xx</marcx:subfield>
                        </marcx:datafield>
                        <marcx:datafield ind1="0" ind2="0" tag="022">
                          <marcx:subfield code="a">1397-338X</marcx:subfield>
                          <marcx:subfield code="c">hf.</marcx:subfield>
                          <marcx:subfield code="d">enkelteksemplarer gratis</marcx:subfield>
                        </marcx:datafield>
                        <marcx:datafield ind1="0" ind2="0" tag="032">
                          <marcx:subfield code="a">DPF199726</marcx:subfield>
                          <marcx:subfield code="a">DBÅ199726</marcx:subfield>
                          <marcx:subfield code="a">DPF199731</marcx:subfield>
                          <marcx:subfield code="a">DBÅ199731</marcx:subfield>
                          <marcx:subfield code="x">DAT199950</marcx:subfield>
                          <marcx:subfield code="a">DPF200237</marcx:subfield>
                          <marcx:subfield code="x">DAT200331</marcx:subfield>
                        </marcx:datafield>
                        <marcx:datafield ind1="0" ind2="0" tag="082">
                          <marcx:subfield code="a">362.29</marcx:subfield>
                        </marcx:datafield>
                        <marcx:datafield ind1="0" ind2="0" tag="096">
                          <marcx:subfield code="z">830060</marcx:subfield>
                          <marcx:subfield code="f">Strand</marcx:subfield>
                          <marcx:subfield code="d">TSS</marcx:subfield>
                        </marcx:datafield>
                        <marcx:datafield ind1="0" ind2="0" tag="096">
                          <marcx:subfield code="z">830060</marcx:subfield>
                          <marcx:subfield code="f">SOCIAL</marcx:subfield>
                        </marcx:datafield>
                        <marcx:datafield ind1="0" ind2="0" tag="096">
                          <marcx:subfield code="z">830060</marcx:subfield>
                          <marcx:subfield code="f">Syd</marcx:subfield>
                          <marcx:subfield code="d">TSS</marcx:subfield>
                        </marcx:datafield>
                        <marcx:datafield ind1="0" ind2="0" tag="096">
                          <marcx:subfield code="z">830060</marcx:subfield>
                          <marcx:subfield code="f">Frøbel</marcx:subfield>
                          <marcx:subfield code="d">TSS</marcx:subfield>
                        </marcx:datafield>
                        <marcx:datafield ind1="0" ind2="0" tag="096">
                          <marcx:subfield code="z">830060</marcx:subfield>
                          <marcx:subfield code="f">PS</marcx:subfield>
                          <marcx:subfield code="d">TSS</marcx:subfield>
                        </marcx:datafield>
                        <marcx:datafield ind1="0" ind2="0" tag="096">
                          <marcx:subfield code="z">830060</marcx:subfield>
                          <marcx:subfield code="f">SOCIAL</marcx:subfield>
                          <marcx:subfield code="d">TSS</marcx:subfield>
                        </marcx:datafield>
                        <marcx:datafield ind1="0" ind2="0" tag="096">
                          <marcx:subfield code="z">830060</marcx:subfield>
                          <marcx:subfield code="f">Nord</marcx:subfield>
                          <marcx:subfield code="d">TSS</marcx:subfield>
                        </marcx:datafield>
                        <marcx:datafield ind1="0" ind2="0" tag="096">
                          <marcx:subfield code="z">830060</marcx:subfield>
                          <marcx:subfield code="t">20050628</marcx:subfield>
                        </marcx:datafield>
                        <marcx:datafield ind1="0" ind2="0" tag="210">
                          <marcx:subfield code="a">Stof</marcx:subfield>
                          <marcx:subfield code="b">Papirform</marcx:subfield>
                        </marcx:datafield>
                        <marcx:datafield ind1="0" ind2="0" tag="222">
                          <marcx:subfield code="a">Stof</marcx:subfield>
                          <marcx:subfield code="b">Papirform</marcx:subfield>
                        </marcx:datafield>
                        <marcx:datafield ind1="0" ind2="0" tag="245">
                          <marcx:subfield code="a">Stof</marcx:subfield>
                          <marcx:subfield code="c">tidsskrift for stofmisbrugsområdet</marcx:subfield>
                          <marcx:subfield code="e">Center for Rusmiddelforskning</marcx:subfield>
                        </marcx:datafield>
                        <marcx:datafield ind1="0" ind2="0" tag="255">
                          <marcx:subfield code="a">No. 1 (april 1997)-nr. 16 (dec. 2001) ; Nr. 1, juni 2003-</marcx:subfield>
                        </marcx:datafield>
                        <marcx:datafield ind1="0" ind2="0" tag="260">
                          <marcx:subfield code="a">Kbh.</marcx:subfield>
                          <marcx:subfield code="d">Købmagergade 26 E/2, 1150 K</marcx:subfield>
                          <marcx:subfield code="b">CRF København</marcx:subfield>
                          <marcx:subfield code="c">1997-</marcx:subfield>
                        </marcx:datafield>
                        <marcx:datafield ind1="0" ind2="0" tag="300">
                          <marcx:subfield code="b">Ill.</marcx:subfield>
                          <marcx:subfield code="c">30 cm</marcx:subfield>
                        </marcx:datafield>
                        <marcx:datafield ind1="0" ind2="0" tag="500">
                          <marcx:subfield code="a">3 numre årligt</marcx:subfield>
                        </marcx:datafield>
                        <marcx:datafield ind1="0" ind2="0" tag="505">
                          <marcx:subfield code="a">Tidsskrift</marcx:subfield>
                        </marcx:datafield>
                        <marcx:datafield ind1="0" ind2="0" tag="512">
                          <marcx:subfield code="a">Intet udkommet i 2002</marcx:subfield>
                        </marcx:datafield>
                        <marcx:datafield ind1="0" ind2="0" tag="526">
                          <marcx:subfield code="i">Også på internettet</marcx:subfield>
                          <marcx:subfield code="t">Stof</marcx:subfield>
                        </marcx:datafield>
                        <marcx:datafield ind1="0" ind2="0" tag="652">
                          <marcx:subfield code="m">66.88</marcx:subfield>
                        </marcx:datafield>
                        <marcx:datafield ind1="0" ind2="0" tag="652">
                          <marcx:subfield code="p">38.88</marcx:subfield>
                        </marcx:datafield>
                        <marcx:datafield ind1="0" ind2="0" tag="710">
                          <marcx:subfield code="a">Aarhus Universitet</marcx:subfield>
                          <marcx:subfield code="c">Center for Rusmiddelforskning</marcx:subfield>
                        </marcx:datafield>
                        <marcx:datafield ind1="0" ind2="0" tag="996">
                          <marcx:subfield code="a">810010</marcx:subfield>
                        </marcx:datafield>
                      </marcx:record>
                    </marcx:collection>
                    <os:identifier>830060-katalog:49218435</os:identifier>
                    <os:creationDate>2005-06-28</os:creationDate>
                    <os:formatsAvailable>
                      <os:format>dkabm</os:format>
                      <os:format>marcxchange</os:format>
                    </os:formatsAvailable>
                  </os:object>
                </os:relationObject>
              </os:relation>
              <os:relation>
                <os:relationType>dbcbib:isPartOfManifestation</os:relationType>
                <os:relationUri>820010-katalog:5062493</os:relationUri>
                <os:relationObject>
                  <os:object>
                    <dkabm:record>
                      <ac:identifier>5062493|820010</ac:identifier>
                      <dc:identifier xsi:type="dkdcplus:ISSN">0109-0852</dc:identifier>
                      <ac:source>Bibliotekskatalog</ac:source>
                      <dc:title>Stof</dc:title>
                      <dc:title xsi:type="dkdcplus:full">Stof : et ungdomsblad om rusmidler og meget andet</dc:title>
                      <dc:subject xsi:type="dkdcplus:DK5">66.88</dc:subject>
                      <dc:subject xsi:type="dkdcplus:DK5-Text">Nydelsesmidler. Stimulanser</dc:subject>
                      <dcterms:audience>voksenmaterialer</dcterms:audience>
                      <dc:publisher>Alkohol- og Narkotikarådet</dc:publisher>
                      <dc:contributor>Alkohol- og Narkotikarådet</dc:contributor>
                      <dc:date>1987</dc:date>
                      <dc:type xsi:type="dkdcplus:BibDK-Type">Tidsskrift</dc:type>
                      <dc:language xsi:type="dcterms:ISO639-2">dan</dc:language>
                      <dc:language>Dansk</dc:language>
                      <dcterms:isReplacedBy>Ung</dcterms:isReplacedBy>
                    </dkabm:record>