
                    <marcx:collection>
                      <marcx:record format="danMARC2" type="Bibliographic">
                        <marcx:leader>00000n    2200000   4500</marcx:leader>
                        <marcx:datafield ind1="0" ind2="0" tag="001">
                          <marcx:subfield code="a">5062493</marcx:subfield>
                          <marcx:subfield code="b">820010</marcx:subfield>
                          <marcx:subfield code="c">201304162001</marcx:subfield>
                          <marcx:subfield code="d">20110701</marcx:subfield>
                          <marcx:subfield code="f">a</marcx:subfield>
                        </marcx:datafield>
                        <marcx:datafield ind1="0" ind2="0" tag="004">
                          <marcx:subfield code="r">c</marcx:subfield>
                          <marcx:subfield code="a">e</marcx:subfield>
                        </marcx:datafield>
                        <marcx:datafield ind1="0" ind2="0" tag="008">
                          <marcx:subfield code="t">p</marcx:subfield>
                          <marcx:subfield code="u">d</marcx:subfield>
                          <marcx:subfield code="a">1983</marcx:subfield>
                          <marcx:subfield code="z">1987</marcx:subfield>
                          <marcx:subfield code="b">dk</marcx:subfield>
                          <marcx:subfield code="e">1</marcx:subfield>
                          <marcx:subfield code="h">p</marcx:subfield>
                          <marcx:subfield code="l">dan</marcx:subfield>
                          <marcx:subfield code="v">0</marcx:subfield>
                        </marcx:datafield>
                        <marcx:datafield ind1="0" ind2="0" tag="009">
                          <marcx:subfield code="a">a</marcx:subfield>
                          <marcx:subfield code="g">xx</marcx:subfield>
                        </marcx:datafield>
                        <marcx:datafield ind1="0" ind2="0" tag="022">
                          <marcx:subfield code="a">0109-0852</marcx:subfield>
                          <marcx:subfield code="c">hf.</marcx:subfield>
                          <marcx:subfield code="d">gratis på biblioteker og bistandskontorer</marcx:subfield>
                        </marcx:datafield>
                        <marcx:datafield ind1="0" ind2="0" tag="089">
                          <marcx:subfield code="a">305.23</marcx:subfield>
                        </marcx:datafield>
                        <marcx:datafield ind1="0" ind2="0" tag="096">
                          <marcx:subfield code="z">820070</marcx:subfield>
                        </marcx:datafield>
                        <marcx:datafield ind1="0" ind2="0" tag="222">
                          <marcx:subfield code="a">Stof</marcx:subfield>
                          <marcx:subfield code="b">København</marcx:subfield>
                        </marcx:datafield>
                        <marcx:datafield ind1="0" ind2="0" tag="245">
                          <marcx:subfield code="a">Stof</marcx:subfield>
                          <marcx:subfield code="c">et ungdomsblad om rusmidler og meget andet</marcx:subfield>
                        </marcx:datafield>
                        <marcx:datafield ind1="0" ind2="0" tag="260">
                          <marcx:subfield code="a">Kbh.</marcx:subfield>
                          <marcx:subfield code="b">Alkohol- og Narkotikarådet</marcx:subfield>
                          <marcx:subfield code="k">N. Olaf Møller, KB</marcx:subfield>
                        </marcx:datafield>
                        <marcx:datafield ind1="0" ind2="0" tag="652">
                          <marcx:subfield code="m">66.88</marcx:subfield>
                        </marcx:datafield>
                        <marcx:datafield ind1="0" ind2="0" tag="652">
                          <marcx:subfield code="p">30.1664</marcx:subfield>
                        </marcx:datafield>
                        <marcx:datafield ind1="0" ind2="0" tag="710">
                          <marcx:subfield code="c">Alkohol- og Narkotikarådet</marcx:subfield>
                        </marcx:datafield>
                        <marcx:datafield ind1="0" ind2="0" tag="861">
                          <marcx:subfield code="t">Ung</marcx:subfield>
                          <marcx:subfield code="c">Kbh.</marcx:subfield>
                          <marcx:subfield code="z">0903-6865</marcx:subfield>
                        </marcx:datafield>
                        <marcx:datafield ind1="0" ind2="0" tag="980">
                          <marcx:subfield code="y">820070</marcx:subfield>
                          <marcx:subfield code="d">1983-</marcx:subfield>
                          <marcx:subfield code="e">1987</marcx:subfield>
                          <marcx:subfield code="g">1</marcx:subfield>
                          <marcx:subfield code="s">Afsluttet</marcx:subfield>
                        </marcx:datafield>
                      </marcx:record>
                    </marcx:collection>
                    <os:identifier>820010-katalog:5062493</os:identifier>
                    <os:creationDate>2011-07-08</os:creationDate>
                    <os:formatsAvailable>
                      <os:format>dkabm</os:format>
                      <os:format>marcxchange</os:format>
                    </os:formatsAvailable>
                  </os:object>
                </os:relationObject>
              </os:relation>
              <os:relation>
                <os:relationType>dbcbib:isPartOfManifestation</os:relationType>
                <os:relationUri>810010-katalog:008774458</os:relationUri>
                <os:relationObject>
                  <os:object>
                    <dkabm:record>
                      <ac:identifier>008774458|810010</ac:identifier>
                      <dc:identifier xsi:type="dkdcplus:ISBN">8712039926</dc:identifier>
                      <ac:source>Bibliotekskatalog</ac:source>
                      <dc:title>SAK</dc:title>
                      <dc:title xsi:type="dkdcplus:full">SAK : Søren Aabye Kierkegaard : en biografi</dc:title>
                      <dc:title xsi:type="dkdcplus:series">Gads biografiserie</dc:title>
                      <dc:subject>Biografier</dc:subject>
                      <dc:subject>Filosofi</dc:subject>
                      <dc:subject>Forfattere</dc:subject>
                      <dc:description>Med litteraturhenvisninger</dc:description>
                      <dcterms:audience>voksenmaterialer</dcterms:audience>
                      <dc:publisher>Gad</dc:publisher>
                      <dc:contributor>Joakim Garff</dc:contributor>
                      <dc:date>2003</dc:date>
                      <dc:type xsi:type="dkdcplus:BibDK-Type">Bog</dc:type>
                      <dcterms:extent>xvi, 738 s., tav.</dcterms:extent>
                      <dc:language xsi:type="dcterms:ISO639-2">dan</dc:language>
                      <dc:language>Dansk</dc:language>
                    </dkabm:record>