
                    <marcx:collection>
                      <marcx:record format="danMARC2" type="Bibliographic">
                        <marcx:leader>00000n    2200000   4500</marcx:leader>
                        <marcx:datafield ind1="0" ind2="0" tag="001">
                          <marcx:subfield code="a">008774458</marcx:subfield>
                          <marcx:subfield code="b">810010</marcx:subfield>
                          <marcx:subfield code="f">a</marcx:subfield>
                        </marcx:datafield>
                        <marcx:datafield ind1="0" ind2="0" tag="002">
                          <marcx:subfield code="d">8712039926</marcx:subfield>
                        </marcx:datafield>
                        <marcx:datafield ind1="0" ind2="0" tag="004">
                          <marcx:subfield code="r">n</marcx:subfield>
                          <marcx:subfield code="a">e</marcx:subfield>
                        </marcx:datafield>
                        <marcx:datafield ind1="0" ind2="0" tag="008">
                          <marcx:subfield code="t">m</marcx:subfield>
                          <marcx:subfield code="a">2003</marcx:subfield>
                          <marcx:subfield code="l">dan</marcx:subfield>
                          <marcx:subfield code="v">4</marcx:subfield>
                        </marcx:datafield>
                        <marcx:datafield ind1="0" ind2="0" tag="009">
                          <marcx:subfield code="a">a</marcx:subfield>
                          <marcx:subfield code="g">xx</marcx:subfield>
                        </marcx:datafield>
                        <marcx:datafield ind1="0" ind2="0" tag="021">
                          <marcx:subfield code="a">8712039926</marcx:subfield>
                        </marcx:datafield>
                        <marcx:datafield ind1="0" ind2="0" tag="088">
                          <marcx:subfield code="n">92</marcx:subfield>
                        </marcx:datafield>
                        <marcx:datafield ind1="0" ind2="0" tag="096">
                          <marcx:subfield code="z">810010</marcx:subfield>
                        </marcx:datafield>
                        <marcx:datafield ind1="0" ind2="0" tag="245">
                          <marcx:subfield code="a">SAK</marcx:subfield>
                          <marcx:subfield code="C">Søren Åbye Kierkegård</marcx:subfield>
                          <marcx:subfield code="c">Søren Aabye Kierkegaard</marcx:subfield>
                          <marcx:subfield code="c">en biografi</marcx:subfield>
                          <marcx:subfield code="e">Joakim Garff</marcx:subfield>
                        </marcx:datafield>
                        <marcx:datafield ind1="0" ind2="0" tag="260">
                          <marcx:subfield code="a">Kbh.</marcx:subfield>
                          <marcx:subfield code="b">Gad</marcx:subfield>
                          <marcx:subfield code="c">2003</marcx:subfield>
                        </marcx:datafield>
                        <marcx:datafield ind1="0" ind2="0" tag="300">
                          <marcx:subfield code="a">xvi, 738 s., tav.</marcx:subfield>
                        </marcx:datafield>
                        <marcx:datafield ind1="0" ind2="0" tag="440">
                          <marcx:subfield code="a">Gads biografiserie</marcx:subfield>
                        </marcx:datafield>
                        <marcx:datafield ind1="0" ind2="0" tag="559">
                          <marcx:subfield code="a">Med litteraturhenvisninger</marcx:subfield>
                        </marcx:datafield>
                        <marcx:datafield ind1="0" ind2="0" tag="630">
                          <marcx:subfield code="a">Biografier</marcx:subfield>
                        </marcx:datafield>
                        <marcx:datafield ind1="0" ind2="0" tag="630">
                          <marcx:subfield code="a">Forfattere</marcx:subfield>
                        </marcx:datafield>
                        <marcx:datafield ind1="0" ind2="0" tag="630">
                          <marcx:subfield code="a">Filosofi</marcx:subfield>
                        </marcx:datafield>
                        <marcx:datafield ind1="0" ind2="0" tag="700">
                          <marcx:subfield code="a">Garff</marcx:subfield>
                          <marcx:subfield code="h">Joakim</marcx:subfield>
                        </marcx:datafield>
                      </marcx:record>
                    </marcx:collection>
                    <os:identifier>810010-katalog:008774458</os:identifier>
                    <os:creationDate>2014-03-06</os:creationDate>
                    <os:formatsAvailable>
                      <os:format>dkabm</os:format>
                      <os:format>marcxchange</os:format>
                    </os:formatsAvailable>
                  </os:object>
                </os:relationObject>
              </os:relation>
              <os:relation>
                <os:relationType>dbcbib:isPartOfManifestation</os:relationType>
                <os:relationUri>870970-basis:51092546</os:relationUri>
                <os:relationObject>
                  <os:object>
                    <dkabm:record>
                      <ac:identifier>51092546|870970</ac:identifier>
                      <dc:identifier xsi:type="dkdcplus:ISBN">9788776078676</dc:identifier>
                      <dc:identifier xsi:type="dcterms:URI">https://www.ebib.dk/Pages/BookDetails.html#9788776078676</dc:identifier>
                      <dc:identifier xsi:type="dcterms:URI">https://ereolen.dk/ting/object/150028:51092546</dc:identifier>
                      <dc:identifier xsi:type="oss:PROVIDER-ID">9788776078676</dc:identifier>
                      <ac:source>eReolen</ac:source>
                      <dc:title>Far</dc:title>
                      <dc:title xsi:type="dkdcplus:full">Far</dc:title>
                      <dc:title xsi:type="dkdcplus:series">Læseværkstedet. Rød</dc:title>
                      <dc:creator xsi:type="dkdcplus:aut">Kirsten Ahlburg</dc:creator>
                      <dc:creator xsi:type="oss:sort">Ahlburg, Kirsten</dc:creator>
                      <dc:subject xsi:type="dkdcplus:DK5-Text">Skønlitteratur</dc:subject>
                      <dc:subject xsi:type="dkdcplus:DBCN">for læsesvage unge</dc:subject>
                      <dc:subject xsi:type="dkdcplus:DBCN">for læsesvage voksne</dc:subject>
                      <dc:subject xsi:type="dkdcplus:DBCS">graviditet</dc:subject>
                      <dc:subject xsi:type="dkdcplus:DK5">sk</dc:subject>
                      <dcterms:abstract>Letlæst fortælling om den lægestuderende Henrik, der får svære overvejelser da hans kæreste gennem tre måneder bliver gravid</dcterms:abstract>
                      <dc:description>Downloades i EPUB-format</dc:description>
                      <dcterms:audience>voksenmaterialer</dcterms:audience>
                      <dc:publisher>Special-pædagogisk forlag</dc:publisher>
                      <dc:date>2014</dc:date>
                      <dc:type xsi:type="dkdcplus:BibDK-Type">Ebog</dc:type>
                      <dc:language xsi:type="dcterms:ISO639-2">dan</dc:language>
                      <dc:language>Dansk</dc:language>
                    </dkabm:record>