
                    <marcx:collection>
                      <marcx:record format="danMARC2" type="Bibliographic">
                        <marcx:leader>00000n    2200000   4500</marcx:leader>
                        <marcx:datafield ind1="0" ind2="0" tag="001">
                          <marcx:subfield code="a">51092546</marcx:subfield>
                          <marcx:subfield code="b">870970</marcx:subfield>
                          <marcx:subfield code="c">20140929122057</marcx:subfield>
                          <marcx:subfield code="d">20140819</marcx:subfield>
                          <marcx:subfield code="f">a</marcx:subfield>
                        </marcx:datafield>
                        <marcx:datafield ind1="0" ind2="0" tag="002">
                          <marcx:subfield code="b">150015</marcx:subfield>
                          <marcx:subfield code="d">9788776078676</marcx:subfield>
                        </marcx:datafield>
                        <marcx:datafield ind1="0" ind2="0" tag="004">
                          <marcx:subfield code="r">n</marcx:subfield>
                          <marcx:subfield code="a">e</marcx:subfield>
                        </marcx:datafield>
                        <marcx:datafield ind1="0" ind2="0" tag="008">
                          <marcx:subfield code="t">m</marcx:subfield>
                          <marcx:subfield code="u">f</marcx:subfield>
                          <marcx:subfield code="a">2014</marcx:subfield>
                          <marcx:subfield code="b">dk</marcx:subfield>
                          <marcx:subfield code="d">x</marcx:subfield>
                          <marcx:subfield code="j">f</marcx:subfield>
                          <marcx:subfield code="l">dan</marcx:subfield>
                          <marcx:subfield code="n">b</marcx:subfield>
                          <marcx:subfield code="v">0</marcx:subfield>
                          <marcx:subfield code="w">1</marcx:subfield>
                        </marcx:datafield>
                        <marcx:datafield ind1="0" ind2="0" tag="009">
                          <marcx:subfield code="a">a</marcx:subfield>
                          <marcx:subfield code="g">xe</marcx:subfield>
                        </marcx:datafield>
                        <marcx:datafield ind1="0" ind2="0" tag="021">
                          <marcx:subfield code="e">9788776078676</marcx:subfield>
                        </marcx:datafield>
                        <marcx:datafield ind1="0" ind2="0" tag="032">
                          <marcx:subfield code="x">ACC201434</marcx:subfield>
                          <marcx:subfield code="a">DBF201436</marcx:subfield>
                          <marcx:subfield code="x">BKM201436</marcx:subfield>
                          <marcx:subfield code="x">EBI201436</marcx:subfield>
                          <marcx:subfield code="x">ERE201436</marcx:subfield>
                          <marcx:subfield code="x">DAT201441</marcx:subfield>
                        </marcx:datafield>
                        <marcx:datafield ind1="0" ind2="0" tag="044">
                          <marcx:subfield code="a">F</marcx:subfield>
                          <marcx:subfield code="b">09b</marcx:subfield>
                        </marcx:datafield>
                        <marcx:datafield ind1="0" ind2="0" tag="100">
                          <marcx:subfield code="5">870979</marcx:subfield>
                          <marcx:subfield code="6">68044146</marcx:subfield>
                          <marcx:subfield code="4">aut</marcx:subfield>
                          <marcx:subfield code="0"/>
                          <marcx:subfield code="a">Ahlburg</marcx:subfield>
                          <marcx:subfield code="h">Kirsten</marcx:subfield>
                        </marcx:datafield>
                        <marcx:datafield ind1="0" ind2="0" tag="245">
                          <marcx:subfield code="a">Far</marcx:subfield>
                        </marcx:datafield>
                        <marcx:datafield ind1="0" ind2="0" tag="260">
                          <marcx:subfield code="b">Special-pædagogisk forlag</marcx:subfield>
                          <marcx:subfield code="g">[sælges på internettet]</marcx:subfield>
                          <marcx:subfield code="c">[2014]</marcx:subfield>
                        </marcx:datafield>
                        <marcx:datafield ind1="0" ind2="0" tag="440">
                          <marcx:subfield code="0"/>
                          <marcx:subfield code="a">Læseværkstedet</marcx:subfield>
                          <marcx:subfield code="o">Rød</marcx:subfield>
                        </marcx:datafield>
                        <marcx:datafield ind1="0" ind2="0" tag="504">
                          <marcx:subfield code="&amp;">1</marcx:subfield>
                          <marcx:subfield code="a">Letlæst fortælling om den lægestuderende Henrik, der får svære overvejelser da hans kæreste gennem tre måneder bliver gravid</marcx:subfield>
                        </marcx:datafield>
                        <marcx:datafield ind1="0" ind2="0" tag="512">
                          <marcx:subfield code="a">Downloades i EPUB-format</marcx:subfield>
                        </marcx:datafield>
                        <marcx:datafield ind1="0" ind2="0" tag="520">
                          <marcx:subfield code="&amp;">1</marcx:subfield>
                          <marcx:subfield code="a">Originaludgave: 2002</marcx:subfield>
                        </marcx:datafield>
                        <marcx:datafield ind1="0" ind2="0" tag="652">
                          <marcx:subfield code="n">86</marcx:subfield>
                          <marcx:subfield code="z">06</marcx:subfield>
                        </marcx:datafield>
                        <marcx:datafield ind1="0" ind2="0" tag="652">
                          <marcx:subfield code="o">sk</marcx:subfield>
                        </marcx:datafield>
                        <marcx:datafield ind1="0" ind2="0" tag="666">
                          <marcx:subfield code="0"/>
                          <marcx:subfield code="s">graviditet</marcx:subfield>
                        </marcx:datafield>
                        <marcx:datafield ind1="0" ind2="0" tag="666">
                          <marcx:subfield code="0"/>
                          <marcx:subfield code="u">for læsesvage voksne</marcx:subfield>
                        </marcx:datafield>
                        <marcx:datafield ind1="0" ind2="0" tag="666">
                          <marcx:subfield code="0"/>
                          <marcx:subfield code="u">for læsesvage unge</marcx:subfield>
                        </marcx:datafield>
                        <marcx:datafield ind1="0" ind2="0" tag="856">
                          <marcx:subfield code="z">Adgang til lån hos ebib.dk</marcx:subfield>
                          <marcx:subfield code="u">https://www.ebib.dk/Pages/BookDetails.html#9788776078676</marcx:subfield>
                        </marcx:datafield>
                        <marcx:datafield ind1="0" ind2="0" tag="856">
                          <marcx:subfield code="z">Adgang til lån hos eReolen.dk</marcx:subfield>
                          <marcx:subfield code="u">https://ereolen.dk/ting/object/150028:51092546</marcx:subfield>
                        </marcx:datafield>
                        <marcx:datafield ind1="0" ind2="0" tag="945">
                          <marcx:subfield code="a">Læseværkstedsserien</marcx:subfield>
                          <marcx:subfield code="z">440(a)</marcx:subfield>
                        </marcx:datafield>
                        <marcx:datafield ind1="0" ind2="0" tag="990">
                          <marcx:subfield code="o">201436</marcx:subfield>
                          <marcx:subfield code="b">v</marcx:subfield>
                          <marcx:subfield code="u">nt</marcx:subfield>
                        </marcx:datafield>
                        <marcx:datafield ind1="0" ind2="0" tag="996">
                          <marcx:subfield code="a">DBC</marcx:subfield>
                        </marcx:datafield>
                      </marcx:record>
                    </marcx:collection>
                    <os:identifier>870970-basis:51092546</os:identifier>
                    <os:creationDate>2014-08-19</os:creationDate>
                    <os:relations>
                      <os:relation>
                        <os:relationType>dbcaddi:hasOnlineAccess</os:relationType>
                        <os:relationUri>https://www.ebib.dk/Pages/BookDetails.html#9788776078676</os:relationUri>
                        <os:linkObject>
                          <os:accessType>streaming</os:accessType>
                          <os:access>remote</os:access>
                          <os:linkTo>website</os:linkTo>
                          <os:linkCollectionIdentifier>150015-ebib</os:linkCollectionIdentifier>
                          <os:linkCollectionIdentifier>870970-basis</os:linkCollectionIdentifier>
                        </os:linkObject>
                      </os:relation>
                      <os:relation>
                        <os:relationType>dbcaddi:hasOnlineAccess</os:relationType>
                        <os:relationUri>https://ereolen.dk/ting/object/150028:51092546</os:relationUri>
                        <os:linkObject>
                          <os:accessType>streaming</os:accessType>
                          <os:access>remote</os:access>
                          <os:linkTo>website</os:linkTo>
                          <os:linkCollectionIdentifier>150015-ereol</os:linkCollectionIdentifier>
                          <os:linkCollectionIdentifier>870970-basis</os:linkCollectionIdentifier>
                        </os:linkObject>
                      </os:relation>
                    </os:relations>
                    <os:formatsAvailable>
                      <os:format>dkabm</os:format>
                      <os:format>marcxchange</os:format>
                    </os:formatsAvailable>
                  </os:object>
                </os:relationObject>
              </os:relation>
              <os:relation>
                <os:relationType>dbcbib:isPartOfManifestation</os:relationType>
                <os:relationUri>831020-katalog:29797196</os:relationUri>
                <os:relationObject>
                  <os:object>
                    <dkabm:record>
                      <ac:identifier>29797196|831020</ac:identifier>
                      <dc:identifier xsi:type="dkdcplus:ISBN">9788712048503</dc:identifier>
                      <ac:source>Bibliotekskatalog</ac:source>
                      <dc:title>SAK</dc:title>
                      <dc:title xsi:type="dkdcplus:full">SAK : Søren Aabye Kierkegaard : en biografi</dc:title>
                      <dc:creator xsi:type="dkdcplus:aut">Joakim Garff</dc:creator>
                      <dc:creator xsi:type="oss:sort">Garff, Joakim</dc:creator>
                      <dc:subject xsi:type="dkdcplus:DK5">99.4 Kierkegaard, Søren</dc:subject>
                      <dc:subject xsi:type="dkdcplus:DK5-Text">Biografier af enkelte personer</dc:subject>
                      <dc:subject xsi:type="dkdcplus:DBCF">Søren Kierkegaard</dc:subject>
                      <dc:subject xsi:type="oss:sort">Kierkegaard, Søren</dc:subject>
                      <dc:subject xsi:type="dkdcplus:DBCO">biografier</dc:subject>
                      <dc:subject xsi:type="dkdcplus:DBCF">filosoffer</dc:subject>
                      <dc:subject xsi:type="dkdcplus:DBCF">filosofi</dc:subject>
                      <dcterms:abstract>En kompleks biografi om filosoffen, forfatteren og privatpersonen Søren Kierkegaards (1813-1855) liv og forfatterskab med en sanset og indlevet skildring af hans samtid og tankeverden</dcterms:abstract>
                      <dc:description>Udgivet i forbindelse med 200-året for Søren Kierkegaards fødsel</dc:description>
                      <dcterms:audience>voksenmaterialer</dcterms:audience>
                      <dkdcplus:version>Jubilæumsudgave</dkdcplus:version>
                      <dc:publisher>Gad</dc:publisher>
                      <dc:date>2013</dc:date>
                      <dc:type xsi:type="dkdcplus:BibDK-Type">Bog</dc:type>
                      <dcterms:extent>iv, 692 sider</dcterms:extent>
                      <dc:language xsi:type="dcterms:ISO639-2">dan</dc:language>
                      <dc:language>Dansk</dc:language>
                      <dcterms:spatial xsi:type="dkdcplus:DBCF">Danmark</dcterms:spatial>
                      <dcterms:temporal xsi:type="dkdcplus:DBCP">1800-1899</dcterms:temporal>
                    </dkabm:record>