
                    <marcx:collection>
                      <marcx:record format="danMARC2" type="Bibliographic">
                        <marcx:leader>00000c    2200000   4500</marcx:leader>
                        <marcx:datafield ind1="0" ind2="0" tag="001">
                          <marcx:subfield code="a">29797196</marcx:subfield>
                          <marcx:subfield code="b">831020</marcx:subfield>
                          <marcx:subfield code="f">a</marcx:subfield>
                        </marcx:datafield>
                        <marcx:datafield ind1="0" ind2="0" tag="004">
                          <marcx:subfield code="r">c</marcx:subfield>
                          <marcx:subfield code="a">e</marcx:subfield>
                        </marcx:datafield>
                        <marcx:datafield ind1="0" ind2="0" tag="008">
                          <marcx:subfield code="t">m</marcx:subfield>
                          <marcx:subfield code="u">u</marcx:subfield>
                          <marcx:subfield code="a">2013</marcx:subfield>
                          <marcx:subfield code="b">dk</marcx:subfield>
                          <marcx:subfield code="d">y</marcx:subfield>
                          <marcx:subfield code="l">dan</marcx:subfield>
                          <marcx:subfield code="x">06</marcx:subfield>
                          <marcx:subfield code="v">0</marcx:subfield>
                        </marcx:datafield>
                        <marcx:datafield ind1="0" ind2="0" tag="009">
                          <marcx:subfield code="a">a</marcx:subfield>
                          <marcx:subfield code="g">xx</marcx:subfield>
                        </marcx:datafield>
                        <marcx:datafield ind1="0" ind2="0" tag="017">
                          <marcx:subfield code="a">23205211</marcx:subfield>
                        </marcx:datafield>
                        <marcx:datafield ind1="0" ind2="0" tag="021">
                          <marcx:subfield code="e">9788712048503</marcx:subfield>
                          <marcx:subfield code="c">ib.</marcx:subfield>
                        </marcx:datafield>
                        <marcx:datafield ind1="0" ind2="0" tag="032">
                          <marcx:subfield code="a">DBF201309</marcx:subfield>
                          <marcx:subfield code="x">BKM201309</marcx:subfield>
                        </marcx:datafield>
                        <marcx:datafield ind1="0" ind2="0" tag="096">
                          <marcx:subfield code="z">831020</marcx:subfield>
                          <marcx:subfield code="f">lia</marcx:subfield>
                          <marcx:subfield code="d">udlån</marcx:subfield>
                        </marcx:datafield>
                        <marcx:datafield ind1="0" ind2="0" tag="096">
                          <marcx:subfield code="z">831020</marcx:subfield>
                          <marcx:subfield code="t">20130322</marcx:subfield>
                        </marcx:datafield>
                        <marcx:datafield ind1="0" ind2="0" tag="100">
                          <marcx:subfield code="a">Garff</marcx:subfield>
                          <marcx:subfield code="h">Joakim</marcx:subfield>
                          <marcx:subfield code="4">aut</marcx:subfield>
                        </marcx:datafield>
                        <marcx:datafield ind1="0" ind2="0" tag="245">
                          <marcx:subfield code="a">SAK</marcx:subfield>
                          <marcx:subfield code="c">Søren Aabye Kierkegaard</marcx:subfield>
                          <marcx:subfield code="c">en biografi</marcx:subfield>
                        </marcx:datafield>
                        <marcx:datafield ind1="0" ind2="0" tag="250">
                          <marcx:subfield code="a">Jubilæumsudgave</marcx:subfield>
                        </marcx:datafield>
                        <marcx:datafield ind1="0" ind2="0" tag="260">
                          <marcx:subfield code="a">Kbh.</marcx:subfield>
                          <marcx:subfield code="b">Gad</marcx:subfield>
                          <marcx:subfield code="c">2013</marcx:subfield>
                        </marcx:datafield>
                        <marcx:datafield ind1="0" ind2="0" tag="300">
                          <marcx:subfield code="a">iv, 692 sider</marcx:subfield>
                        </marcx:datafield>
                        <marcx:datafield ind1="0" ind2="0" tag="504">
                          <marcx:subfield code="a">En kompleks biografi om filosoffen, forfatteren og privatpersonen Søren Kierkegaards (1813-1855) liv og forfatterskab med en sanset og indlevet skildring af hans samtid og tankeverden</marcx:subfield>
                        </marcx:datafield>
                        <marcx:datafield ind1="0" ind2="0" tag="507">
                          <marcx:subfield code="a">Udgivet i forbindelse med 200-året for Søren Kierkegaards fødsel</marcx:subfield>
                        </marcx:datafield>
                        <marcx:datafield ind1="0" ind2="0" tag="520">
                          <marcx:subfield code="i">Tidligere: Paperbackudgave. 2005</marcx:subfield>
                          <marcx:subfield code="n">25934555</marcx:subfield>
                          <marcx:subfield code="r">87-12-04208-0</marcx:subfield>
                        </marcx:datafield>
                        <marcx:datafield ind1="0" ind2="0" tag="521">
                          <marcx:subfield code="b">1. oplag</marcx:subfield>
                          <marcx:subfield code="c">2013</marcx:subfield>
                          <marcx:subfield code="k">tr. i udl.</marcx:subfield>
                        </marcx:datafield>
                        <marcx:datafield ind1="0" ind2="0" tag="532">
                          <marcx:subfield code="a">Med litteraturhenvisninger</marcx:subfield>
                        </marcx:datafield>
                        <marcx:datafield ind1="0" ind2="0" tag="600">
                          <marcx:subfield code="a">Kierkegaard</marcx:subfield>
                          <marcx:subfield code="h">Søren</marcx:subfield>
                          <marcx:subfield code="2">DBC</marcx:subfield>
                        </marcx:datafield>
                        <marcx:datafield ind1="0" ind2="0" tag="652">
                          <marcx:subfield code="m">99.4</marcx:subfield>
                          <marcx:subfield code="a">Kierkegaard</marcx:subfield>
                          <marcx:subfield code="h">Søren</marcx:subfield>
                        </marcx:datafield>
                        <marcx:datafield ind1="0" ind2="0" tag="666">
                          <marcx:subfield code="0"/>
                          <marcx:subfield code="f">filosoffer</marcx:subfield>
                        </marcx:datafield>
                        <marcx:datafield ind1="0" ind2="0" tag="666">
                          <marcx:subfield code="0"/>
                          <marcx:subfield code="f">filosofi</marcx:subfield>
                        </marcx:datafield>
                        <marcx:datafield ind1="0" ind2="0" tag="666">
                          <marcx:subfield code="0"/>
                          <marcx:subfield code="i">1800-1899</marcx:subfield>
                        </marcx:datafield>
                        <marcx:datafield ind1="0" ind2="0" tag="666">
                          <marcx:subfield code="0"/>
                          <marcx:subfield code="e">Danmark</marcx:subfield>
                        </marcx:datafield>
                        <marcx:datafield ind1="0" ind2="0" tag="666">
                          <marcx:subfield code="0"/>
                          <marcx:subfield code="o">biografier</marcx:subfield>
                        </marcx:datafield>
                        <marcx:datafield ind1="0" ind2="0" tag="990">
                          <marcx:subfield code="o">201309</marcx:subfield>
                          <marcx:subfield code="b">v</marcx:subfield>
                          <marcx:subfield code="u">nu</marcx:subfield>
                        </marcx:datafield>
                        <marcx:datafield ind1="0" ind2="0" tag="991">
                          <marcx:subfield code="o">"... ajourført."</marcx:subfield>
                        </marcx:datafield>
                        <marcx:datafield ind1="0" ind2="0" tag="996">
                          <marcx:subfield code="a">DBC</marcx:subfield>
                        </marcx:datafield>
                      </marcx:record>
                    </marcx:collection>
                    <os:identifier>831020-katalog:29797196</os:identifier>
                    <os:creationDate>2013-03-22</os:creationDate>
                    <os:formatsAvailable>
                      <os:format>dkabm</os:format>
                      <os:format>marcxchange</os:format>
                    </os:formatsAvailable>
                  </os:object>
                </os:relationObject>
              </os:relation>
              <os:relation>
                <os:relationType>dbcbib:isPartOfManifestation</os:relationType>
                <os:relationUri>830060-katalog:05181607</os:relationUri>
                <os:relationObject>
                  <os:object>
                    <dkabm:record>
                      <ac:identifier>05181607|830060</ac:identifier>
                      <dc:identifier xsi:type="dkdcplus:ISBN">87-17-02193-6</dc:identifier>
                      <ac:source>Bibliotekskatalog</ac:source>
                      <dc:title>Stof</dc:title>
                      <dc:title xsi:type="dkdcplus:full">Stof : emnehæfte : Molekyler og temperatur. Bind 1</dc:title>
                      <dc:title xsi:type="dkdcplus:series">Fysik og kemi</dc:title>
                      <dc:creator xsi:type="dkdcplus:aut">Poul Bogetoft</dc:creator>
                      <dc:creator xsi:type="oss:sort">Bogetoft, Poul</dc:creator>
                      <dc:subject xsi:type="dkdcplus:DK5">53</dc:subject>
                      <dc:subject xsi:type="dkdcplus:DK5-Text">Fysik</dc:subject>
                      <dcterms:audience xsi:type="dkdcplus:age">Fra 13 år</dcterms:audience>
                      <dcterms:audience>voksenmaterialer</dcterms:audience>
                      <dc:publisher>Nyt Nordisk Forlag</dc:publisher>
                      <dc:contributor>Jørgen Christensen (f. 1939)</dc:contributor>
                      <dc:date>1977</dc:date>
                      <dc:type xsi:type="dkdcplus:BibDK-Type">Bog</dc:type>
                      <dc:format>illustreret</dc:format>
                      <dcterms:extent>34 sider</dcterms:extent>
                      <dcterms:extent>3 bind</dcterms:extent>
                      <dc:language xsi:type="dcterms:ISO639-2">dan</dc:language>
                      <dc:language>Dansk</dc:language>
                    </dkabm:record>