
                    <marcx:collection>
                      <marcx:record format="danMARC2" type="Bibliographic">
                        <marcx:leader>00000n    2200000   4500</marcx:leader>
                        <marcx:datafield ind1="2" ind2="0" tag="001">
                          <marcx:subfield code="a">05181607</marcx:subfield>
                          <marcx:subfield code="b">830060</marcx:subfield>
                          <marcx:subfield code="f">a</marcx:subfield>
                        </marcx:datafield>
                        <marcx:datafield ind1="0" ind2="0" tag="004">
                          <marcx:subfield code="r">n</marcx:subfield>
                          <marcx:subfield code="a">e</marcx:subfield>
                        </marcx:datafield>
                        <marcx:datafield ind1="2" ind2="0" tag="008">
                          <marcx:subfield code="t">m</marcx:subfield>
                          <marcx:subfield code="u">f</marcx:subfield>
                          <marcx:subfield code="a">1977</marcx:subfield>
                          <marcx:subfield code="d">å</marcx:subfield>
                          <marcx:subfield code="l">dan</marcx:subfield>
                          <marcx:subfield code="o">s</marcx:subfield>
                          <marcx:subfield code="b">dk</marcx:subfield>
                          <marcx:subfield code="v">0</marcx:subfield>
                        </marcx:datafield>
                        <marcx:datafield ind1="1" ind2="0" tag="009">
                          <marcx:subfield code="a">a</marcx:subfield>
                          <marcx:subfield code="g">xx</marcx:subfield>
                        </marcx:datafield>
                        <marcx:datafield ind1="0" ind2="0" tag="018">
                          <marcx:subfield code="a">50201953</marcx:subfield>
                        </marcx:datafield>
                        <marcx:datafield ind1="2" ind2="0" tag="021">
                          <marcx:subfield code="a">87-17-02193-6</marcx:subfield>
                          <marcx:subfield code="c">hf.</marcx:subfield>
                          <marcx:subfield code="d">kr. 13.90</marcx:subfield>
                        </marcx:datafield>
                        <marcx:datafield ind1="2" ind2="0" tag="032">
                          <marcx:subfield code="a">DBF197740</marcx:subfield>
                        </marcx:datafield>
                        <marcx:datafield ind1="2" ind2="0" tag="096">
                          <marcx:subfield code="z">830060</marcx:subfield>
                          <marcx:subfield code="f">ZAHLE</marcx:subfield>
                        </marcx:datafield>
                        <marcx:datafield ind1="2" ind2="0" tag="096">
                          <marcx:subfield code="z">830060</marcx:subfield>
                          <marcx:subfield code="t">20091124</marcx:subfield>
                        </marcx:datafield>
                        <marcx:datafield ind1="1" ind2="0" tag="100">
                          <marcx:subfield code="a">Bogetoft</marcx:subfield>
                          <marcx:subfield code="h">Poul</marcx:subfield>
                        </marcx:datafield>
                        <marcx:datafield ind1="0" ind2="0" tag="245">
                          <marcx:subfield code="a">Stof</marcx:subfield>
                          <marcx:subfield code="c">emnehæfte</marcx:subfield>
                          <marcx:subfield code="f">[tegninger Arne Gaarn Bak]</marcx:subfield>
                          <marcx:subfield code="c">[Molekyler og temperatur]</marcx:subfield>
                          <marcx:subfield code="g">[Bind] 1</marcx:subfield>
                          <marcx:subfield code="e">[af] Poul Bogetoft og Jørgen Christensen</marcx:subfield>
                          <marcx:subfield code="f">[fotografier Poul Bogetoft og Jørgen Christensen]</marcx:subfield>
                        </marcx:datafield>
                        <marcx:datafield ind1="2" ind2="0" tag="260">
                          <marcx:subfield code="c">1977</marcx:subfield>
                          <marcx:subfield code="k">Århus Stiftsb.</marcx:subfield>
                        </marcx:datafield>
                        <marcx:datafield ind1="1" ind2="0" tag="260">
                          <marcx:subfield code="a">[Kbh.]</marcx:subfield>
                          <marcx:subfield code="b">Nyt Nordisk Forlag</marcx:subfield>
                        </marcx:datafield>
                        <marcx:datafield ind1="2" ind2="0" tag="300">
                          <marcx:subfield code="a">34 sider</marcx:subfield>
                        </marcx:datafield>
                        <marcx:datafield ind1="1" ind2="0" tag="300">
                          <marcx:subfield code="a">3 bind</marcx:subfield>
                          <marcx:subfield code="b">ill.</marcx:subfield>
                          <marcx:subfield code="c">30 cm</marcx:subfield>
                        </marcx:datafield>
                        <marcx:datafield ind1="1" ind2="0" tag="440">
                          <marcx:subfield code="0"/>
                          <marcx:subfield code="a">[Fysik og kemi]</marcx:subfield>
                        </marcx:datafield>
                        <marcx:datafield ind1="1" ind2="0" tag="517">
                          <marcx:subfield code="a">Fra 13 år</marcx:subfield>
                        </marcx:datafield>
                        <marcx:datafield ind1="1" ind2="0" tag="652">
                          <marcx:subfield code="m">53</marcx:subfield>
                          <marcx:subfield code="z">65</marcx:subfield>
                        </marcx:datafield>
                        <marcx:datafield ind1="1" ind2="0" tag="700">
                          <marcx:subfield code="a">Christensen</marcx:subfield>
                          <marcx:subfield code="h">Jørgen</marcx:subfield>
                          <marcx:subfield code="c">f. 1939</marcx:subfield>
                        </marcx:datafield>
                        <marcx:datafield ind1="0" ind2="0" tag="996">
                          <marcx:subfield code="a">DBC</marcx:subfield>
                        </marcx:datafield>
                      </marcx:record>