
                      <marcx:record format="danMARC2" type="BibliographicVolume">
                        <marcx:leader>00000n    2200000   4500</marcx:leader>
                        <marcx:datafield ind1="2" ind2="0" tag="001">
                          <marcx:subfield code="a">05181607</marcx:subfield>
                          <marcx:subfield code="b">830060</marcx:subfield>
                          <marcx:subfield code="f">a</marcx:subfield>
                        </marcx:datafield>
                        <marcx:datafield ind1="2" ind2="0" tag="004">
                          <marcx:subfield code="r">n</marcx:subfield>
                          <marcx:subfield code="a">b</marcx:subfield>
                        </marcx:datafield>
                        <marcx:datafield ind1="2" ind2="0" tag="008">
                          <marcx:subfield code="t">m</marcx:subfield>
                          <marcx:subfield code="u">f</marcx:subfield>
                          <marcx:subfield code="a">1977</marcx:subfield>
                          <marcx:subfield code="d">å</marcx:subfield>
                          <marcx:subfield code="l">dan</marcx:subfield>
                          <marcx:subfield code="o">s</marcx:subfield>
                          <marcx:subfield code="v">0</marcx:subfield>
                        </marcx:datafield>
                        <marcx:datafield ind1="2" ind2="0" tag="014">
                          <marcx:subfield code="a">50201953</marcx:subfield>
                        </marcx:datafield>
                        <marcx:datafield ind1="2" ind2="0" tag="021">
                          <marcx:subfield code="a">87-17-02193-6</marcx:subfield>
                          <marcx:subfield code="c">hf.</marcx:subfield>
                          <marcx:subfield code="d">kr. 13.90</marcx:subfield>
                        </marcx:datafield>
                        <marcx:datafield ind1="2" ind2="0" tag="032">
                          <marcx:subfield code="a">DBF197740</marcx:subfield>
                        </marcx:datafield>
                        <marcx:datafield ind1="2" ind2="0" tag="044">
                          <marcx:subfield code="a">F</marcx:subfield>
                          <marcx:subfield code="a">V</marcx:subfield>
                          <marcx:subfield code="b">20a</marcx:subfield>
                        </marcx:datafield>
                        <marcx:datafield ind1="2" ind2="0" tag="096">
                          <marcx:subfield code="z">830060</marcx:subfield>
                          <marcx:subfield code="f">ZAHLE</marcx:subfield>
                        </marcx:datafield>
                        <marcx:datafield ind1="2" ind2="0" tag="096">
                          <marcx:subfield code="z">830060</marcx:subfield>
                          <marcx:subfield code="t">20091124</marcx:subfield>
                        </marcx:datafield>
                        <marcx:datafield ind1="2" ind2="0" tag="245">
                          <marcx:subfield code="g">[Bind] 1</marcx:subfield>
                          <marcx:subfield code="a">[Molekyler og temperatur]</marcx:subfield>
                          <marcx:subfield code="e">[af] Poul Bogetoft og Jørgen Christensen</marcx:subfield>
                          <marcx:subfield code="f">[fotografier Poul Bogetoft og Jørgen Christensen]</marcx:subfield>
                        </marcx:datafield>
                        <marcx:datafield ind1="2" ind2="0" tag="260">
                          <marcx:subfield code="c">1977</marcx:subfield>
                          <marcx:subfield code="k">Århus Stiftsb.</marcx:subfield>
                        </marcx:datafield>
                        <marcx:datafield ind1="2" ind2="0" tag="300">
                          <marcx:subfield code="a">34 sider</marcx:subfield>
                        </marcx:datafield>
                      </marcx:record>
                    </marcx:collection>
                    <os:identifier>830060-katalog:05181607</os:identifier>
                    <os:creationDate>2009-11-24</os:creationDate>
                    <os:formatsAvailable>
                      <os:format>dkabm</os:format>
                      <os:format>marcxchange</os:format>
                    </os:formatsAvailable>
                  </os:object>
                </os:relationObject>
              </os:relation>
              <os:relation>
                <os:relationType>dbcbib:isPartOfManifestation</os:relationType>
                <os:relationUri>830370-katalog:8775235269</os:relationUri>
                <os:relationObject>
                  <os:object>
                    <dkabm:record>
                      <ac:identifier>8775235269|830370</ac:identifier>
                      <dc:identifier xsi:type="dkdcplus:ISBN">87-7523-529-3</dc:identifier>
                      <dc:identifier xsi:type="dkdcplus:ISBN">87-7523-531-5</dc:identifier>
                      <dc:identifier xsi:type="dkdcplus:ISBN">87-7523-526-9</dc:identifier>
                      <ac:source>Bibliotekskatalog</ac:source>
                      <dc:title>Far</dc:title>
                      <dc:title xsi:type="dkdcplus:full">Far : et hæfte om Gud</dc:title>
                      <dc:title xsi:type="dkdcplus:series">konfirmandbibel.dk</dc:title>
                      <dc:subject xsi:type="dkdcplus:DK5">20</dc:subject>
                      <dc:subject xsi:type="dkdcplus:DK5-Text">Den kristne religion i alm.</dc:subject>
                      <dc:subject xsi:type="dkdcplus:DBCO">for konfirmandundervisning</dc:subject>
                      <dc:subject xsi:type="dkdcplus:DBCF">kristendom</dc:subject>
                      <dcterms:abstract>På baggrund af billeder, citater og opgaver gives inspiration til at læse og diskutere bibelske nøgletekster</dcterms:abstract>
                      <dcterms:audience>voksenmaterialer</dcterms:audience>
                      <dkdcplus:version>1. udgave, 3. oplag</dkdcplus:version>
                      <dc:publisher>Det Danske Bibelselskab</dc:publisher>
                      <dc:contributor>Elisabeth Bøtkjær</dc:contributor>
                      <dc:contributor>Helle Poulsen (f. 1956)</dc:contributor>
                      <dc:contributor>Det Danske Bibelselskab</dc:contributor>
                      <dc:date>2006</dc:date>
                      <dc:type xsi:type="dkdcplus:BibDK-Type">Bog</dc:type>
                      <dc:format>illustreret i farver</dc:format>
                      <dcterms:extent>32 sider</dcterms:extent>
                      <dc:language xsi:type="dcterms:ISO639-2">dan</dc:language>
                      <dc:language>Dansk</dc:language>
                    </dkabm:record>