
                    <marcx:collection>
                      <marcx:record format="danMARC2" type="Bibliographic">
                        <marcx:leader>00000c    2200000   4500</marcx:leader>
                        <marcx:datafield ind1="0" ind2="0" tag="001">
                          <marcx:subfield code="a">8775235269</marcx:subfield>
                          <marcx:subfield code="b">830370</marcx:subfield>
                          <marcx:subfield code="f">a</marcx:subfield>
                        </marcx:datafield>
                        <marcx:datafield ind1="0" ind2="0" tag="004">
                          <marcx:subfield code="r">c</marcx:subfield>
                          <marcx:subfield code="a">e</marcx:subfield>
                        </marcx:datafield>
                        <marcx:datafield ind1="0" ind2="0" tag="008">
                          <marcx:subfield code="t">m</marcx:subfield>
                          <marcx:subfield code="u">r</marcx:subfield>
                          <marcx:subfield code="a">2006</marcx:subfield>
                          <marcx:subfield code="z">2006</marcx:subfield>
                          <marcx:subfield code="b">dk</marcx:subfield>
                          <marcx:subfield code="d">å</marcx:subfield>
                          <marcx:subfield code="l">dan</marcx:subfield>
                          <marcx:subfield code="v">0</marcx:subfield>
                        </marcx:datafield>
                        <marcx:datafield ind1="0" ind2="0" tag="009">
                          <marcx:subfield code="a">a</marcx:subfield>
                          <marcx:subfield code="g">xx</marcx:subfield>
                        </marcx:datafield>
                        <marcx:datafield ind1="0" ind2="0" tag="021">
                          <marcx:subfield code="a">87-7523-529-3</marcx:subfield>
                          <marcx:subfield code="b">serien kplt. (3. bøger)</marcx:subfield>
                          <marcx:subfield code="d">kr. 210,00</marcx:subfield>
                        </marcx:datafield>
                        <marcx:datafield ind1="0" ind2="0" tag="021">
                          <marcx:subfield code="a">87-7523-531-5</marcx:subfield>
                          <marcx:subfield code="b">serien kplt. i klassesæt</marcx:subfield>
                        </marcx:datafield>
                        <marcx:datafield ind1="0" ind2="0" tag="021">
                          <marcx:subfield code="a">87-7523-526-9</marcx:subfield>
                          <marcx:subfield code="c">hf.</marcx:subfield>
                        </marcx:datafield>
                        <marcx:datafield ind1="0" ind2="0" tag="032">
                          <marcx:subfield code="a">DBF200707</marcx:subfield>
                          <marcx:subfield code="x">SFD200707</marcx:subfield>
                        </marcx:datafield>
                        <marcx:datafield ind1="0" ind2="0" tag="088">
                          <marcx:subfield code="b">tvvo0633</marcx:subfield>
                        </marcx:datafield>
                        <marcx:datafield ind1="0" ind2="0" tag="096">
                          <marcx:subfield code="z">830370</marcx:subfield>
                          <marcx:subfield code="f">Vordingb</marcx:subfield>
                          <marcx:subfield code="d">Bibliotek</marcx:subfield>
                        </marcx:datafield>
                        <marcx:datafield ind1="0" ind2="0" tag="096">
                          <marcx:subfield code="z">830370</marcx:subfield>
                          <marcx:subfield code="t">20060814</marcx:subfield>
                        </marcx:datafield>
                        <marcx:datafield ind1="0" ind2="0" tag="245">
                          <marcx:subfield code="a">Far</marcx:subfield>
                          <marcx:subfield code="c">et hæfte om Gud</marcx:subfield>
                          <marcx:subfield code="e">tekst Elisabeth Bøtkjær og Helle Poulsen</marcx:subfield>
                        </marcx:datafield>
                        <marcx:datafield ind1="0" ind2="0" tag="250">
                          <marcx:subfield code="a">1. udgave</marcx:subfield>
                          <marcx:subfield code="b">÷</marcx:subfield>
                          <marcx:subfield code="x">3. oplag</marcx:subfield>
                        </marcx:datafield>
                        <marcx:datafield ind1="0" ind2="0" tag="260">
                          <marcx:subfield code="a">[Kbh.]</marcx:subfield>
                          <marcx:subfield code="b">Det Danske Bibelselskab</marcx:subfield>
                          <marcx:subfield code="c">2006</marcx:subfield>
                          <marcx:subfield code="k">Stenby Tryk, Herlev</marcx:subfield>
                        </marcx:datafield>
                        <marcx:datafield ind1="0" ind2="0" tag="300">
                          <marcx:subfield code="a">32 sider</marcx:subfield>
                          <marcx:subfield code="b">ill. i farver</marcx:subfield>
                        </marcx:datafield>
                        <marcx:datafield ind1="0" ind2="0" tag="440">
                          <marcx:subfield code="0"/>
                          <marcx:subfield code="a">konfirmandbibel.dk</marcx:subfield>
                        </marcx:datafield>
                        <marcx:datafield ind1="0" ind2="0" tag="504">
                          <marcx:subfield code="a">På baggrund af billeder, citater og opgaver gives inspiration til at læse og diskutere bibelske nøgletekster</marcx:subfield>
                        </marcx:datafield>
                        <marcx:datafield ind1="0" ind2="0" tag="520">
                          <marcx:subfield code="a">Tidligere: 1. udgave. 2006</marcx:subfield>
                        </marcx:datafield>
                        <marcx:datafield ind1="0" ind2="0" tag="521">
                          <marcx:subfield code="a">1. oplag</marcx:subfield>
                          <marcx:subfield code="c">2006</marcx:subfield>
                        </marcx:datafield>
                        <marcx:datafield ind1="0" ind2="0" tag="521">
                          <marcx:subfield code="b">3. oplag</marcx:subfield>
                          <marcx:subfield code="c">2006</marcx:subfield>
                        </marcx:datafield>
                        <marcx:datafield ind1="0" ind2="0" tag="526">
                          <marcx:subfield code="a">Hertil findes supplerende materiale på seriens internetadresse</marcx:subfield>
                        </marcx:datafield>
                        <marcx:datafield ind1="0" ind2="0" tag="652">
                          <marcx:subfield code="m">20</marcx:subfield>
                        </marcx:datafield>
                        <marcx:datafield ind1="0" ind2="0" tag="666">
                          <marcx:subfield code="0"/>
                          <marcx:subfield code="o">for konfirmandundervisning</marcx:subfield>
                        </marcx:datafield>
                        <marcx:datafield ind1="0" ind2="0" tag="666">
                          <marcx:subfield code="0"/>
                          <marcx:subfield code="f">kristendom</marcx:subfield>
                        </marcx:datafield>
                        <marcx:datafield ind1="0" ind2="0" tag="700">
                          <marcx:subfield code="a">Bøtkjær</marcx:subfield>
                          <marcx:subfield code="h">Elisabeth</marcx:subfield>
                        </marcx:datafield>
                        <marcx:datafield ind1="0" ind2="0" tag="700">
                          <marcx:subfield code="a">Poulsen</marcx:subfield>
                          <marcx:subfield code="h">Helle</marcx:subfield>
                          <marcx:subfield code="c">f. 1956</marcx:subfield>
                        </marcx:datafield>
                        <marcx:datafield ind1="0" ind2="0" tag="710">
                          <marcx:subfield code="a">Det ¤Danske Bibelselskab</marcx:subfield>
                        </marcx:datafield>
                        <marcx:datafield ind1="0" ind2="0" tag="910">
                          <marcx:subfield code="a">Bibelselskabet</marcx:subfield>
                          <marcx:subfield code="z">710</marcx:subfield>
                        </marcx:datafield>
                        <marcx:datafield ind1="0" ind2="0" tag="990">
                          <marcx:subfield code="a">SFD</marcx:subfield>
                          <marcx:subfield code="c">A</marcx:subfield>
                          <marcx:subfield code="o">200707</marcx:subfield>
                        </marcx:datafield>
                        <marcx:datafield ind1="0" ind2="0" tag="991">
                          <marcx:subfield code="o">Bogbestillingen omfatter også: "Søn" og: "Ånd"</marcx:subfield>
                        </marcx:datafield>
                        <marcx:datafield ind1="0" ind2="0" tag="996">
                          <marcx:subfield code="a">DBC</marcx:subfield>
                        </marcx:datafield>
                      </marcx:record>
                    </marcx:collection>
                    <os:identifier>830370-katalog:8775235269</os:identifier>
                    <os:creationDate>2006-08-14</os:creationDate>
                    <os:formatsAvailable>
                      <os:format>dkabm</os:format>
                      <os:format>marcxchange</os:format>
                    </os:formatsAvailable>
                  </os:object>
                </os:relationObject>
              </os:relation>
              <os:relation>
                <os:relationType>dbcbib:isPartOfManifestation</os:relationType>
                <os:relationUri>830690-katalog:49294905</os:relationUri>
                <os:relationObject>
                  <os:object>
                    <dkabm:record>
                      <ac:identifier>49294905|830690</ac:identifier>
                      <dc:identifier xsi:type="dkdcplus:ISSN">1399-7211</dc:identifier>
                      <dc:identifier xsi:type="dcterms:URI">http://pligtvaerk.kb.dk/mellemreg/periodikum.pl?perid=260</dc:identifier>
                      <ac:source>Bibliotekskatalog</ac:source>
                      <dc:title>Stof</dc:title>
                      <dc:title xsi:type="dkdcplus:full">Stof : Narkotikarådets fagblad på stofmisbrugsområdet</dc:title>
                      <dc:subject xsi:type="dkdcplus:DK5">66.88</dc:subject>
                      <dc:subject xsi:type="dkdcplus:DK5-Text">Nydelsesmidler. Stimulanser</dc:subject>
                      <dcterms:audience>voksenmaterialer</dcterms:audience>
                      <dc:publisher>Narkotikarådet</dc:publisher>
                      <dc:contributor>Narkotikarådet</dc:contributor>
                      <dc:date>2001</dc:date>
                      <dc:type xsi:type="dkdcplus:BibDK-Type">Tidsskrift (net)</dc:type>
                      <dc:language xsi:type="dcterms:ISO639-2">dan</dc:language>
                      <dc:language>Dansk</dc:language>
                    </dkabm:record>