
                    <marcx:collection>
                      <marcx:record format="danMARC2" type="Bibliographic">
                        <marcx:leader>00000n    2200000   4500</marcx:leader>
                        <marcx:datafield ind1="0" ind2="0" tag="001">
                          <marcx:subfield code="a">49294905</marcx:subfield>
                          <marcx:subfield code="b">830690</marcx:subfield>
                          <marcx:subfield code="f">a</marcx:subfield>
                        </marcx:datafield>
                        <marcx:datafield ind1="0" ind2="0" tag="004">
                          <marcx:subfield code="r">n</marcx:subfield>
                          <marcx:subfield code="a">e</marcx:subfield>
                        </marcx:datafield>
                        <marcx:datafield ind1="0" ind2="0" tag="008">
                          <marcx:subfield code="t">p</marcx:subfield>
                          <marcx:subfield code="u">d</marcx:subfield>
                          <marcx:subfield code="a">199?</marcx:subfield>
                          <marcx:subfield code="z">2001</marcx:subfield>
                          <marcx:subfield code="b">dk</marcx:subfield>
                          <marcx:subfield code="c">t</marcx:subfield>
                          <marcx:subfield code="h">p</marcx:subfield>
                          <marcx:subfield code="i">b</marcx:subfield>
                          <marcx:subfield code="l">dan</marcx:subfield>
                          <marcx:subfield code="v">0</marcx:subfield>
                        </marcx:datafield>
                        <marcx:datafield ind1="0" ind2="0" tag="009">
                          <marcx:subfield code="a">a</marcx:subfield>
                          <marcx:subfield code="g">xe</marcx:subfield>
                        </marcx:datafield>
                        <marcx:datafield ind1="0" ind2="0" tag="022">
                          <marcx:subfield code="a">1399-7211</marcx:subfield>
                        </marcx:datafield>
                        <marcx:datafield ind1="0" ind2="0" tag="032">
                          <marcx:subfield code="a">IDP200235</marcx:subfield>
                        </marcx:datafield>
                        <marcx:datafield ind1="0" ind2="0" tag="082">
                          <marcx:subfield code="a">362.29</marcx:subfield>
                        </marcx:datafield>
                        <marcx:datafield ind1="0" ind2="0" tag="210">
                          <marcx:subfield code="a">Stof</marcx:subfield>
                          <marcx:subfield code="b">Online</marcx:subfield>
                        </marcx:datafield>
                        <marcx:datafield ind1="0" ind2="0" tag="222">
                          <marcx:subfield code="a">Stof</marcx:subfield>
                          <marcx:subfield code="b">Online</marcx:subfield>
                        </marcx:datafield>
                        <marcx:datafield ind1="0" ind2="0" tag="245">
                          <marcx:subfield code="a">Stof</marcx:subfield>
                          <marcx:subfield code="m">Online</marcx:subfield>
                          <marcx:subfield code="c">Narkotikarådets fagblad på stofmisbrugsområdet</marcx:subfield>
                        </marcx:datafield>
                        <marcx:datafield ind1="0" ind2="0" tag="255">
                          <marcx:subfield code="a">1-[nr. 16 (dec. 2001)]</marcx:subfield>
                        </marcx:datafield>
                        <marcx:datafield ind1="0" ind2="0" tag="260">
                          <marcx:subfield code="a">Kbh.</marcx:subfield>
                          <marcx:subfield code="b">Narkotikarådet</marcx:subfield>
                          <marcx:subfield code="c">[199?-2001]</marcx:subfield>
                        </marcx:datafield>
                        <marcx:datafield ind1="0" ind2="0" tag="500">
                          <marcx:subfield code="a">3numre årligt</marcx:subfield>
                        </marcx:datafield>
                        <marcx:datafield ind1="0" ind2="0" tag="526">
                          <marcx:subfield code="i">Også i papirform</marcx:subfield>
                          <marcx:subfield code="t">Stof</marcx:subfield>
                        </marcx:datafield>
                        <marcx:datafield ind1="0" ind2="0" tag="539">
                          <marcx:subfield code="a">9</marcx:subfield>
                        </marcx:datafield>
                        <marcx:datafield ind1="0" ind2="0" tag="652">
                          <marcx:subfield code="m">66.88</marcx:subfield>
                        </marcx:datafield>
                        <marcx:datafield ind1="0" ind2="0" tag="652">
                          <marcx:subfield code="p">38.88</marcx:subfield>
                        </marcx:datafield>
                        <marcx:datafield ind1="0" ind2="0" tag="710">
                          <marcx:subfield code="a">Narkotikarådet</marcx:subfield>
                        </marcx:datafield>
                        <marcx:datafield ind1="0" ind2="0" tag="856">
                          <marcx:subfield code="z">Værkarkiv:</marcx:subfield>
                          <marcx:subfield code="u">http://pligtvaerk.kb.dk/mellemreg/periodikum.pl?perid=260</marcx:subfield>
                        </marcx:datafield>
                        <marcx:datafield ind1="0" ind2="0" tag="996">
                          <marcx:subfield code="a">DBC</marcx:subfield>
                        </marcx:datafield>
                      </marcx:record>
                    </marcx:collection>
                    <os:identifier>830690-katalog:49294905</os:identifier>
                    <os:creationDate>2014-08-27</os:creationDate>
                    <os:relations>
                      <os:relation>
                        <os:relationType>dbcaddi:hasOnlineAccess</os:relationType>
                        <os:relationUri>http://pligtvaerk.kb.dk/mellemreg/periodikum.pl?perid=260</os:relationUri>
                        <os:linkObject>
                          <os:linkTo>website</os:linkTo>
                          <os:linkCollectionIdentifier>830690-katalog</os:linkCollectionIdentifier>
                          <os:linkCollectionIdentifier>870970-forsk</os:linkCollectionIdentifier>
                        </os:linkObject>
                      </os:relation>
                    </os:relations>
                    <os:formatsAvailable>
                      <os:format>dkabm</os:format>
                      <os:format>marcxchange</os:format>
                    </os:formatsAvailable>
                  </os:object>
                </os:relationObject>
              </os:relation>
              <os:relation>
                <os:relationType>dbcbib:isPartOfManifestation</os:relationType>
                <os:relationUri>830060-katalog:DA1000025</os:relationUri>
                <os:relationObject>
                  <os:object>
                    <dkabm:record>
                      <ac:identifier>DA1000025|830060</ac:identifier>
                      <ac:source>Bibliotekskatalog</ac:source>
                      <dc:title>Stof</dc:title>
                      <dc:title xsi:type="dkdcplus:full">Stof</dc:title>
                      <dc:subject xsi:type="dkdcplus:DK5">38.88</dc:subject>
                      <dc:subject>Efterbehandling / Eks-narkomaner / Misbrug / Narko / Stoffri</dc:subject>
                      <dc:subject xsi:type="dkdcplus:DK5-Text">Stofmisbrugere</dc:subject>
                      <dcterms:audience>voksenmaterialer</dcterms:audience>
                      <dc:publisher>Narkotikarådets blad nr. 8 april 1999</dc:publisher>
                      <dc:type xsi:type="dkdcplus:BibDK-Type">Bog</dc:type>
                      <dc:format>Narkotikarådet, Holmens Kanal 22, 1060 København K</dc:format>
                    </dkabm:record>