
                    <marcx:collection>
                      <marcx:record format="danMARC2" type="Bibliographic">
                        <marcx:leader>00000n    2200000   4500</marcx:leader>
                        <marcx:datafield ind1="0" ind2="0" tag="001">
                          <marcx:subfield code="a">DA1000025</marcx:subfield>
                          <marcx:subfield code="b">830060</marcx:subfield>
                          <marcx:subfield code="f">a</marcx:subfield>
                        </marcx:datafield>
                        <marcx:datafield ind1="0" ind2="0" tag="004">
                          <marcx:subfield code="r">n</marcx:subfield>
                          <marcx:subfield code="a">e</marcx:subfield>
                        </marcx:datafield>
                        <marcx:datafield ind1="0" ind2="0" tag="008">
                          <marcx:subfield code="t">m</marcx:subfield>
                          <marcx:subfield code="v">4</marcx:subfield>
                        </marcx:datafield>
                        <marcx:datafield ind1="0" ind2="0" tag="009">
                          <marcx:subfield code="a">a</marcx:subfield>
                          <marcx:subfield code="g">xx</marcx:subfield>
                        </marcx:datafield>
                        <marcx:datafield ind1="0" ind2="0" tag="096">
                          <marcx:subfield code="z">830060</marcx:subfield>
                          <marcx:subfield code="f">Nord</marcx:subfield>
                        </marcx:datafield>
                        <marcx:datafield ind1="0" ind2="0" tag="096">
                          <marcx:subfield code="z">830060</marcx:subfield>
                          <marcx:subfield code="t">20041123</marcx:subfield>
                        </marcx:datafield>
                        <marcx:datafield ind1="0" ind2="0" tag="245">
                          <marcx:subfield code="a">Stof</marcx:subfield>
                        </marcx:datafield>
                        <marcx:datafield ind1="0" ind2="0" tag="260">
                          <marcx:subfield code="b">Narkotikarådets blad nr. 8 april 1999</marcx:subfield>
                        </marcx:datafield>
                        <marcx:datafield ind1="0" ind2="0" tag="300">
                          <marcx:subfield code="b">Narkotikarådet, Holmens Kanal 22, 1060 København K</marcx:subfield>
                        </marcx:datafield>
                        <marcx:datafield ind1="0" ind2="0" tag="630">
                          <marcx:subfield code="a">Efterbehandling / Eks-narkomaner / Misbrug / Narko / Stoffri</marcx:subfield>
                        </marcx:datafield>
                        <marcx:datafield ind1="0" ind2="0" tag="652">
                          <marcx:subfield code="m">38.88</marcx:subfield>
                        </marcx:datafield>
                      </marcx:record>
                    </marcx:collection>
                    <os:identifier>830060-katalog:DA1000025</os:identifier>
                    <os:creationDate>2004-11-23</os:creationDate>
                    <os:formatsAvailable>
                      <os:format>dkabm</os:format>
                      <os:format>marcxchange</os:format>
                    </os:formatsAvailable>
                  </os:object>
                </os:relationObject>
              </os:relation>
              <os:relation>
                <os:relationType>dbcbib:isPartOfManifestation</os:relationType>
                <os:relationUri>830060-katalog:05134706</os:relationUri>
                <os:relationObject>
                  <os:object>
                    <dkabm:record>
                      <ac:identifier>05134706|830060</ac:identifier>
                      <dc:identifier xsi:type="dkdcplus:ISBN">87-17-02192-8</dc:identifier>
                      <ac:source>Bibliotekskatalog</ac:source>
                      <dc:title>Stof</dc:title>
                      <dc:title xsi:type="dkdcplus:full">Stof : emnehæfte : Molekyler og temperatur. Bind 1</dc:title>
                      <dc:title xsi:type="dkdcplus:series">Fysik og kemi</dc:title>
                      <dc:creator xsi:type="dkdcplus:aut">Poul Bogetoft</dc:creator>
                      <dc:creator xsi:type="oss:sort">Bogetoft, Poul</dc:creator>
                      <dc:subject xsi:type="dkdcplus:DK5">53</dc:subject>
                      <dc:subject xsi:type="dkdcplus:DK5-Text">Fysik</dc:subject>
                      <dc:subject xsi:type="dkdcplus:DBCN">for 13 år</dc:subject>
                      <dc:subject xsi:type="dkdcplus:DBCN">for 14 år</dc:subject>
                      <dc:subject xsi:type="dkdcplus:DBCN">for 15 år</dc:subject>
                      <dcterms:audience>børnematerialer</dcterms:audience>
                      <dc:publisher>Nyt Nordisk Forlag</dc:publisher>
                      <dc:contributor>Jørgen Christensen (f. 1939)</dc:contributor>
                      <dc:date>1977</dc:date>
                      <dc:type xsi:type="dkdcplus:BibDK-Type">Bog</dc:type>
                      <dc:format>illustreret</dc:format>
                      <dcterms:extent>35 sider</dcterms:extent>
                      <dcterms:extent>3 bind</dcterms:extent>
                      <dc:language xsi:type="dcterms:ISO639-2">dan</dc:language>
                      <dc:language>Dansk</dc:language>
                    </dkabm:record>