
                      <marcx:record format="danMARC2" type="BibliographicVolume">
                        <marcx:leader>00000c    2200000   4500</marcx:leader>
                        <marcx:datafield ind1="2" ind2="0" tag="001">
                          <marcx:subfield code="a">05134706</marcx:subfield>
                          <marcx:subfield code="b">830060</marcx:subfield>
                          <marcx:subfield code="f">a</marcx:subfield>
                        </marcx:datafield>
                        <marcx:datafield ind1="2" ind2="0" tag="004">
                          <marcx:subfield code="r">c</marcx:subfield>
                          <marcx:subfield code="a">b</marcx:subfield>
                        </marcx:datafield>
                        <marcx:datafield ind1="2" ind2="0" tag="008">
                          <marcx:subfield code="t">m</marcx:subfield>
                          <marcx:subfield code="u">f</marcx:subfield>
                          <marcx:subfield code="a">1977</marcx:subfield>
                          <marcx:subfield code="d">å</marcx:subfield>
                          <marcx:subfield code="l">dan</marcx:subfield>
                          <marcx:subfield code="o">s</marcx:subfield>
                          <marcx:subfield code="v">0</marcx:subfield>
                        </marcx:datafield>
                        <marcx:datafield ind1="2" ind2="0" tag="014">
                          <marcx:subfield code="a">50042545</marcx:subfield>
                        </marcx:datafield>
                        <marcx:datafield ind1="2" ind2="0" tag="021">
                          <marcx:subfield code="a">87-17-02192-8</marcx:subfield>
                          <marcx:subfield code="c">hf.</marcx:subfield>
                          <marcx:subfield code="d">kr. 16.50</marcx:subfield>
                        </marcx:datafield>
                        <marcx:datafield ind1="2" ind2="0" tag="032">
                          <marcx:subfield code="a">DBF197719</marcx:subfield>
                          <marcx:subfield code="x">SFD198317</marcx:subfield>
                          <marcx:subfield code="x">SKE192083</marcx:subfield>
                          <marcx:subfield code="x">BØK197904</marcx:subfield>
                          <marcx:subfield code="x">DAT991243</marcx:subfield>
                        </marcx:datafield>
                        <marcx:datafield ind1="2" ind2="0" tag="042">
                          <marcx:subfield code="a">44</marcx:subfield>
                          <marcx:subfield code="b">Ml 16,7 + Lo 27,1</marcx:subfield>
                        </marcx:datafield>
                        <marcx:datafield ind1="2" ind2="0" tag="044">
                          <marcx:subfield code="a">F</marcx:subfield>
                          <marcx:subfield code="a">V</marcx:subfield>
                          <marcx:subfield code="b">20a</marcx:subfield>
                        </marcx:datafield>
                        <marcx:datafield ind1="2" ind2="0" tag="096">
                          <marcx:subfield code="z">830060</marcx:subfield>
                          <marcx:subfield code="f">ZAHLE</marcx:subfield>
                        </marcx:datafield>
                        <marcx:datafield ind1="2" ind2="0" tag="096">
                          <marcx:subfield code="z">830060</marcx:subfield>
                          <marcx:subfield code="t">20091124</marcx:subfield>
                        </marcx:datafield>
                        <marcx:datafield ind1="2" ind2="0" tag="245">
                          <marcx:subfield code="g">[Bind] 1</marcx:subfield>
                          <marcx:subfield code="a">[Molekyler og temperatur]</marcx:subfield>
                          <marcx:subfield code="e">[af] Poul Bogetoft og Jørgen Christensen</marcx:subfield>
                          <marcx:subfield code="f">[fotografier Poul Bogetoft og Jørgen Christensen]</marcx:subfield>
                        </marcx:datafield>
                        <marcx:datafield ind1="2" ind2="0" tag="260">
                          <marcx:subfield code="c">1977</marcx:subfield>
                          <marcx:subfield code="k">Aarhus Stiftsbogtr.</marcx:subfield>
                        </marcx:datafield>
                        <marcx:datafield ind1="2" ind2="0" tag="300">
                          <marcx:subfield code="a">35 sider</marcx:subfield>
                        </marcx:datafield>
                      </marcx:record>
                    </marcx:collection>
                    <os:identifier>830060-katalog:05134706</os:identifier>
                    <os:creationDate>2009-11-24</os:creationDate>
                    <os:formatsAvailable>
                      <os:format>dkabm</os:format>
                      <os:format>marcxchange</os:format>
                    </os:formatsAvailable>
                  </os:object>
                </os:relationObject>
              </os:relation>
            </os:relations>
          </os:object>
        </os:collection>
      </ns1:originalData>
      <ns1:outputFormat>PLACEHOLDER</ns1:outputFormat>
      <ns1:trackingId>art_lokalbibl_557j.xml.PLACEHOLDER</ns1:trackingId>
    </ns1:formatRequest>
  </SOAP-ENV:Body>
</SOAP-ENV:Envelope>
